5629 8142
3747 1365 5232 1665 Wien, 3. Dezember 14
1610 1634 4252 1867 Sehr verehrter lieber Herr Doktor
2100 1780 4843 2064 Ich danke Ihnen viele Male für Ihren
689 1973 4822 2189 lieben Brief und das schöne Dokument Ihrer gerechten
629 2173 4801 2410 Gesinnung. Ich glaube, dass auch ein so gelegentliches
631 2356 4846 2576 Wort nur durch den Geist und die Güte, die es bezeugt,
632 2567 4756 2770 in diesen Tagen zum Manifest wird und zweifle nicht,
621 2720 4852 3022 dass es überall (ausser bei jenen Menschen, mit denen
642 2947 4880 3200 eine innere Verständigung über alles für uns unmöglich
642 3136 4932 3386 ist) die vorteilhafteste Wirkung im Gefolge haben wird muss.
644 3388 4978 3685 Ich habe es Romain Rolland gesandt und ihn gebeten, die
622 3538 4989 3810 Uebersetzung ins Französische womöglich selbst vorzuneh¬
632 3799 4950 4002 men, damit auch nicht ein Wort in seiner Bedeutung oder
650 3963 4791 4211 bloss in seinem Tonfall durch schlechte Nachbildung ver¬
658 4156 4856 4492 ändert werde. Ich bin sicher, dass er sich eine Freude
665 4450 4847 4626 daraus machen wird, Ihnen und vor allem der uns gemein¬
672 4593 4785 4825 samen Sache der gegenseitigen Aufklärung dienlich zu
658 4790 4862 5073 sein. In wenigen Tagen werde ich mehr darüber wissen.
1899 5023 5017 5226 Eine Veröffentlichung in Wien wäre viel¬
657 5216 4970 5472 leicht vorteilhafter, sobald der Abdruck in der Schweiz
677 5397 4823 5693 erfolgt ist und der Regierungsrat v. Winternitz würde
673 5625 4885 5880 sicherlich gerne die offizielle Verlautbarung überneh¬
654 5817 4865 6075 men. Seine Privatadresse ist VIII. Kochgasse 29. Ich
673 6091 5022 6279 hoffe aber, ihn schon in diesen Tagen sprechen und mich
670 6257 4773 6473 seiner zweifellosen Zustimmung versichern zu können.
1857 6453 4799 6766 Ich wäre sehr glücklich, wenn ich Sie,
671 6609 4859 6935 verehrter Herr Doktir bald sehen oder wenigstens Ihre
689 6853 4845 7125 Stimme durch das Telephon hören dürfte. Ich bin jetzt
