1194 1869
190 81 957 242 Redaction der „Deutschen Dichtung“.
182 225 319 266 Herausgeber:
118 242 380 310 Karl Emil Franzos
212 297 279 343 Berlin.
851 220 930 265 Verlag:
736 242 1028 310 Adolf Bonz KAUFMANNSUND Comp.
839 299 943 344 Stuttgart.
596 350 1065 468 Berlin, den 3. Mai 1888
502 419 792 481 W. Kaiserin Augustastraße 71.
396 529 897 645 Geehrter Herr Doctor!
269 617 1115 720 Ein an ſich nicht gerade erfreulicher Um¬
103 700 1113 780 ſtand, ein Unwohlſein nämlich, welches mich für
112 766 1117 864 einige Tage ans Bett bannte und mir eine un¬
116 839 1127 941 freiwillige Muße auferlegte, hat mir andrerſeits
111 916 1141 1027 ermöglicht, Ihrem Wunſche, Ihnen meine Anſicht
120 1000 1121 1097 über Ihre beiden Novellen zu ſagen, ſchon jetzt
120 1073 1104 1171 entſprechen zu können, mehr aber als eben
122 1156 1095 1246 eine ſubjektive Anſchauung beanſpruche ich
118 1231 1127 1333 gewiß nicht zu bieten. Beide Arbeiten waren
125 1304 1137 1411 mir insbeſondere ihrer Entſtehung nach pſychologiſch
102 1398 1124 1491 intereſſant, ſie ſind ſichtlich die Erzeugniſſe ei¬
104 1453 1118 1568 nes jungen Arztes, welcher den realen That¬
108 1528 1124 1641 ſachen ſeines Berufs dadurch eine Art idealiſi¬
104 1626 1070 1746 renden Gegengewichts zu geben verſucht.
