3451 5793
426 928 2074 1177 Wien VIII Kochgasse 8
424 1129 1631 1355 15. Januar 1907.
451 1441 2543 1670 Sehr verehrter Herr Doktor,
2464 1743 3075 1946 gestatten
474 1958 3096 2133 Sie mir als persönlich Unbekanntem
472 2174 3086 2431 Ihnen heute meine aufrichtigen Glück-
464 2382 3028 2599 wünsche zu übermitteln. Ich glaube,
465 2609 2973 2876 für uns jüngere Leute, die wir in
469 2815 2975 3094 der Bewunderung Ihres Werkes ge­¬
454 3049 2832 3243 wissermassen aufgewachsen sind,
437 3241 3000 3490 kann es keine grössere Freude geben,
459 3464 2961 3700 als zu sehen, wie Ihnen nun auch
457 3659 2984 3847 aus den älteren kälteren Kreisen
458 3934 3071 4143 endlich die grosse Zustimmung wird,
497 4088 3101 4361 die wir so lange schon als ein Selbst¬
467 4318 3111 4522 verständliches ersehnen. Und so einen
485 4553 3076 4784 Tag wollte ich nicht vorrübergehen
463 4750 3040 5001 zu lassen, ohne Ihnen zu sagen, dass
