2107 2997
137 0 1663 316 Wien I. Bäckerstraße No 1, den 14. März 1896
530 368 1077 610 Verehrter Herr!
203 576 1772 783 Im Vertrauen auf Ihre bekannte Liebenswürdig¬
177 739 1761 905 keit und ärztliche Geduld, erlaube ich mir Sie
150 822 1899 1038 herzlichst zu bitten meiner beifolgenden, 3actigen
179 955 1820 1107 Tragikomödie ohne Titel eine unbesetzte Stunde und
146 1077 1650 1254 Ihre gütige Aufmerksamkeit zu schenken.
201 1153 1881 1373 Ihr unbeeinflusstes aufrichtiges Urtheil über
155 1306 1870 1456 diese Arbeit ist mir von so großer Wichtigkeit,
157 1406 1881 1633 dass ich es mir selbst auf diesem etwas zudring¬
164 1524 1809 1744 lichen Wege zu verschaffen suche. Wenn Sie
144 1639 1894 1805 nun auch noch dazu die ganz außerordentliche
192 1766 1884 1969 Freundlichkeit hätten, mich nicht allzulang
155 1890 1829 2040 vor Ungeduld zappeln zu lassen, so würden
155 1975 1785 2167 Sie mich zu größtem Danke verbinden.
471 2084 1764 2352 Mit vorzüglicher Hochachtung
992 2341 1672 2640 Elsa Pessner
