1163 1868
99 131 1111 232 Daraus erklärt ſich das eigenthümliche Gegenü¬
106 230 1106 328 berſtehen der beiden Momente, welche ſich in den
97 309 1091 407 Novellen gleich ſcharf vertreten finden, der ro¬
109 391 1091 482 mantiſchen Erfindung und der realiſtischen
109 464 1111 576 Wahl des Grundproblems, welcheſ ja in beiden
106 525 1109 644 ein rein pathologisches iſt. Es iſt aber eben
109 600 1118 725 auch nur ein Nebeneinanderſtehen und keine
109 700 1122 794 harmoniſche Miſchung, was wohl darin ſeine Er¬
105 763 1086 873 klärung findet, daß beide Elemente in ihrer
99 832 1111 953 extremſten Ausprägung hier vertreten erſchei¬
109 913 1139 1027 nen. Einerſeits wird die Romantik in beiden
115 991 1086 1104 Novellen zur Hyperromantik getrieben, andrerſeits
117 1089 1118 1182 wird das pathologiſche Problem ſehr hart und
106 1161 1114 1268 ſtreng betont. Dies iſt meines bescheidenen Er¬
109 1226 1130 1329 meſſens jene Klippe, welche Sie künftig zu um¬
106 1304 1089 1413 ſchiffen haben werden, denn obwohl beide No¬
103 1393 1123 1493 vellen meines Erachtens nicht ſo druckreif ſind,
112 1465 1117 1536 als daß ich einem ernſthaft ſtrebenden Manne
109 1527 1127 1648 damit vor die Offentlichkeit zu treten anrathen
109 1610 1114 1725 könnte, ſo wäre es doch zunächſt für Sie und
