1000 1481
159 160 701 323 Verehrteſter Herr Franzos!
51 295 875 409 Es fügt ſich, daſs ich bereits morgen wider
57 374 906 499 mein Erwarten von hier fortreiſen muſs,
62 438 912 555 wodurch ich nicht mehr dazukom̄e, Ihnen
56 521 882 644 und Ihrer hochverehrten Frau Gemahlin
58 605 863 722 meinen perſönlichen Dank für Ihre
42 706 927 824 liebenswürdige Gaſtfreundschaft auszudrücken.
57 760 896 905 Ich muſs mich begnügen, dies auf dieſem
68 850 909 1003 Wege zu thun, und Sie ſchriftlich bitten,
67 950 920 1072 meines Danks‘ und meiner Hochachtung
66 1038 531 1154 verſichert zu ſein.
62 1096 915 1236 Was die an Sie geſandten Manuscripte
69 1203 892 1355 betrifft, ſo würde ich um eine Antwort,
