5629 8142
984 1588 4719 1911 immer zwischen 4 und 5 Uhr zuhause, vorher hält
978 1865 5016 2125 mich der kriegerische Dienst, nachher verlockt mich
994 2031 4943 2363 jetzt oft und öfter die Musik . Aber ich will gern
990 2256 4979 2571 jede Stunde des Nachmittags von 4 Uhr, die Sie mir
993 2504 4976 2728 erlauben wollen, dazu wahrnehmen, um in das Cotta¬
974 2656 4838 2933 ge hinauszukommen oder wohin immer es Ihnen gut¬
971 2879 4809 3176 dünkt und Sie dann nichts nur Nachts im Traum,
975 3080 4780 3332 ohne Ihre Erlaubnis, sondern am lichten Tag, mit
971 3277 4244 3584 Ihrer freundlichen Verstattung heimzusuchen.
1667 3469 4886 3727 Ich beschäftige mich auch damit, für Ihre
1060 3742 4693 4003 Frau Gemahlin ein paar schöne Lieder für jenen
972 3902 5014 4205 Liliencron-Abend zusammenzustellen, dessen Gelingen
968 4130 5096 4363 mich schon um des denkbaren Arbeiterpublikums willen
969 4327 4764 4619 so sehr freuen würde. Bishin vielen Dank und die
974 4481 2837 4740 herzlichsten Grüsse von
1833 4659 3465 5018 Ihrem immer getreuen
3796 4963 4960 5296 Stefan Zweig
625 5541 4985 5879 Verzeihen Sie die Schreibmaschine! Ich schreibe den ganzen Vor¬
677 5896 4374 6136 mittag im Amt und gebe dann meinern Fingern Rast!
