1755 2648
115 77 1447 298 Bäckerstrasse No 1, den 18. III. 96.
371 286 1159 494 Verehrter Herr Doctor!
198 414 1641 620 Und es herrschte Freude und eitel Sonnen¬
160 586 1565 740 schein und siehe, eine unpässlich zu
154 678 1646 840 Bett liegende junge Dame wurde vor lauter
168 804 1611 981 Vergnügen plötzlich gesund. Das hat
183 908 1601 1085 Ihr liebenswürdiger Brief verursacht,
145 1029 1624 1230 für den, sowie für die beispiellose bewun¬
151 1125 1626 1307 dernswürdige Schnelligkeit, mit der Sie
139 1245 1611 1420 meine Bitte erfüllt haben, ich Ihnen
162 1358 1343 1537 auf das Herzlichste danke. –
217 1426 1611 1633 Wenn Ihre Spannung auf meine fer¬
164 1556 1541 1724 neren Arbeiten wohl kaum den Grad
160 1658 1607 1839 je erreichen dürfte, wie die meine auf
209 1780 1622 1942 Ihr Urtheil war, so will ich doch Glei¬
164 1886 1677 2076 ches mit Gleichem vergelten und Ihnen
158 2006 1629 2198 als Dank ungesäumt drei andere Arbei¬
194 2134 1658 2321 ten zur gütigen Durchsicht übersenden.
183 2257 1669 2438 No 1. »Pierettes Tagebuch«, 19 Nummern
