3981 6760
1979 1266 2818 1431 VIII. Kochgasse 8
2258 1393 2543 1539 Wien,
2876 1275 3568 1570 3. Juni 08
819 1879 3140 2211 Sehr verehrter Herr Doktor,
3176 2287 3464 2592 ich
863 2489 3415 2793 hatte mir schon Sorge gemacht
852 2772 3546 3018 Sie würden es vielleicht übel ver¬
868 3011 3549 3249 merkt haben, dass ich gestern mit
830 3229 3554 3485 nur raschem Gruss an Ihnen vor¬
872 3443 3539 3769 beigieng – ich fürchtete, Sie zu
890 3716 3463 3985 stören – da bringt mir heute
911 3926 3491 4207 Ihr Buch ein liebes Geschenk und
914 4197 3459 4447 ein nur noch Wertvolleres: das
907 4427 3517 4757 Zeichen freundlicher Gesinnung. Ich
931 4687 3510 4927 bin so sehr froh, das Buch von
899 4907 3567 5122 Ihnen zu besitzen: es wird mir
933 5126 3454 5413 nun vielleicht noch mehr sein
900 5400 3389 5646 als es mir durch seine innere
930 5591 3595 5930 Gewalt ohnehin schon bedeutet. Uns,
