1939 2782
203 154 1614 425 Lyrik, in einer Novelle verstreut
126 307 1709 530 gewesene Gedichte, die nun für sich
124 467 1612 705 allein stehen sollen, da die Novelle
120 610 937 784 unbrauchbar war.
215 662 1699 931 Nr. 2 und 3 kleine Skizzen, Feder¬
142 858 1618 1065 spritzer, wie ich sie sehr gern schreibe.
150 978 1646 1177 Wenn das kritische Verfahren wieder
118 1101 1606 1299 nur anwähernd so kurze Zeit in An¬
154 1227 1650 1398 Spruch nimmt, wie das erstemal, so
150 1360 1634 1571 bauen Sie sich eine weitere Staffel
136 1480 1654 1687 ins Himmelreich und einen Dank¬
142 1614 1542 1823 altar in meinem Herzen. –
307 1758 1707 2006 Mit vorzüglicher Hochachtung
768 2075 1618 2333 Elsa Plessner.
