6243 8413
3316 1512 5436 1783 Salzburg, am 14. August 1920
2250 2305 4403 2654 Lieber verehrter Herr Doktor!
1733 2916 5411 3243 Ich erhielt heute beifolgendes Telegramm von dem
1246 3134 5279 3463 New-Yorker Verleger Thomas Seltzer, 5, West Fiftieth
1327 3388 5496 3664 Street, New-York, der auch von mir einige Bücher bringt.
1351 3614 5403 3878 Er hatte ursprünglich ein Buch widerrechtlich von mir
1243 3798 5540 4013 gebracht, sogar unter falschem Namen, hat aber dann die
1227 4003 5381 4236 Sache anständig beigelegt und gilt als einer der tat¬
1240 4195 5576 4505 kräftigsten Unternehmer. Ich würde Ihnen immerhin raten
1239 4403 5526 4617 ihm ein Angebot zu machen, das jedenfalls durch den Un¬
1248 4605 4589 4855 terschied der Valuta schon erfreulich wird.
1697 4774 5455 5085 Ich nutze den guten Anlass um mich lhnen in Erin¬
1232 4975 5229 5295 nerung zu bringen und bleibe mit vielen Grüssen Ihr
3401 5218 5006 5481 aufrichtig ergebener
4328 5779 5695 6125 Stefan Zweig
