1159 1862
114 132 1108 234 wenn Sie die Arbeit ernſthaft anfaſſen, wohl nicht
99 217 1090 298 für Sie allein Schade, wenn Sie es dabei bewen¬
95 291 572 391 den laſſen wollten.
255 372 882 476 Mit beſten Empfehlungen
447 444 783 553 Ihr ergebenſter
619 535 838 610 Franzos
145 674 1103 762 Geehrter Herr Dr! Der vorſtehende Brief iſt leider durch ein Überſehen
113 738 1090 791 meiner Gattin bis heute unbeſtellt geblieben. Ich ſende Ihnen den¬
119 767 1030 824 ſelben nun und unſere beſten Abſchiedsgrüße dazu. Vergeſſen
114 796 1058 859 Sie uns nicht, wen̄ Sie Ihr Weg wieder hierher führt und
174 824 1041 912 ſagen Sie Ihrem Herrn Vater unſere beſten Empfehlungen.
597 858 807 893 Herzlich grüßend
853 864 1014 924 Ihr Fr.
21 1443 521 1541 Herrn Dr. A. Schnitzler.
