6243 8413
3274 1297 5475 1709 Salzburg, am 18. August 1920.
2004 1968 4285 2380 Lieber verehrter Herr Doktor!
1628 2577 5135 3015 Ich telegrafierte Ihnen den Vorschlag 10% und 100
1244 2863 5421 3149 Dollar Anzahlung. Ich glaube damit, Ihnen das anständig
1297 3122 5332 3373 erreichbare geraten zu haben. Natürlich kenne ich Ih¬
1244 3364 5466 3641 ren Kontrakt mit Fischer nicht und weiss nicht, ob Sie
1235 3561 5520 3784 diesem auch noch etwas abzugeben haben. Immerhin ist es
1279 3775 5341 4071 gerade jetzt für uns wichtig draussen Fuss zu fassen,
1235 3954 4411 4196 weil ja ein Buch dem andern den Weg bahnt.
1619 4142 5386 4419 Verzeihen Sie dass ich diktiere, statt Ihnen per¬
1306 4321 5430 4563 sönlich zu schreiben, aber es ist jetzt die Teufelswo¬
1235 4518 5404 4786 che »Jedermann« in Salzburg, wo einem nicht Zeit zum atmen bleibt.
1333 4715 5529 5001 Ich hoffe, dass Sie zu stillerer Jahreszeit bald herkom¬
1226 4929 5377 5207 men und mich des lange entbehrten Vergnügens erfreuen
1315 5126 3963 5439 kann, Sie zu sehen, Sie zu sprechen.
1914 5350 3713 5681 In Verehrung getreu Ihr
4142 6088 5428 6157 Stefan Zweig
