1849 2684
173 178 902 334 Wien, den 14. April 1896
1025 136 1635 301 Bäckerstraße No 1.
531 284 1255 495 Verehrter Herr Doctor!
397 453 1675 650 Durch andauernde Unpässlichkeit war ich
184 610 1581 758 lange verhindert, Ihnen meinen aufrichtigen
173 704 1673 833 Dank für die große, große Liebenswürdigkeit aus¬
161 779 1587 890 zusprechen, die Sie mir in so reichem Maße zu
190 860 1662 979 Theil werden lassen. Nun haben Sie mich aber
163 957 1621 1124 ein wenig verwöhnt und ich wage es, Ihrem
148 1046 1637 1220 Wohlwollen eine abermalige Belastungsprobe
159 1144 1702 1280 zuzumuthen. Beiliegend übersende Ihnen
154 1232 1658 1399 das Manuscript einer Novelle, d.h. blos das
157 1345 1681 1518 Gerüst und Gerippe zu einer solchen, indem
157 1439 1585 1602 ich Sie herzlichst bitte, diesen Blättern
163 1547 1602 1723 eine doppelt destillierte Aufmerksamkeit
144 1648 1635 1823 zu widmen. Ich glaube nämlich, damit
144 1740 1675 1932 einen etwas ungebahnten Weg betreten zu
140 1838 1594 1974 haben und möchte von Ihnen erfahren,
136 1986 1675 2132 ob der eventuelle literarische Wert die Kühn¬
146 2042 1462 2232 heit der Arbeit rechtfertigen kann.
209 2155 1564 2293 Kehren Sie sich bitte, nicht an das,
155 2245 1618 2433 stellenweise etwas tote Papierdeutsch, das
