1000 1496
625 54 879 176 Berlin 29.4 88
161 101 520 290 Hochgeehrter Herr!
94 208 903 390 Ich nehme mir die Freiheit, Ihnen zwei
89 352 862 485 Erzählungen zu überſenden, von denen
66 435 883 574 ich mir ſelbst kaum einbilden will,
66 512 785 682 daſs ſie für Ihre "Dtsch. Dichtung"
76 602 876 764 der Vorzüge genug beſitzen. Jedenfalls
59 716 836 862 aber wäre mir ein Urtheil von
65 781 917 964 Ihnen höchſt erwünscht, um das Sie hiemit
65 880 897 1042 zwar unbeſcheiden aber herzlichſt gebeten ſind.
64 962 868 1167 Ich unterlieſs garhörtig mit Ihrem
66 1081 825 1233 über diese Sache zu reiten, da ich
73 1185 783 1308 in dem Augenblicke diese
