3981 6760
511 965 3583 1202 den Jüngern, durch Blut und Heimat
528 1214 3525 1538 liebe Verwandten, ist es ja wohl zu¬
554 1520 3355 1757 geschrieben, uns wird es vielleicht
548 1728 3519 2048 mehr gehören, als jeder anderen Gene¬
563 1962 3548 2247 ration, jeder andern Stadt, jedem an¬
574 2198 3489 2460 dern Kreis: mögen die andern das
557 2415 3486 2736 Äussere lieben, den Blick, den Griff,
605 2663 3436 2942 die Melodie, so stehen wir doch sei¬
590 2906 3275 3216 nem Herzen am nächsten, denn –
608 3101 3530 3428 unbewusst vielleicht – für uns ist
603 3429 3595 3733 es geschrieben, ist es als Wegzeiger hin
629 3611 3608 3955 gestellt. So empfangen Sie mit meinem
642 3879 3551 4207 Dank den vieler anderer, denen die
673 4109 3578 4497 Freude nicht gegeben war, es direct
642 4387 3583 4753 aus Ihren Händen nehmen zu dürfen,
659 4622 3581 4962 einen Dank, nicht für Einzelnes, nicht
707 4859 3540 5244 für das Geschaffene allein sondern für
700 5089 3538 5413 das Ganze, für den grossen schönen
733 5326 3546 5623 Willen und für alle die viele Liebe,
704 5552 3368 5906 die Sie diesen Menschen – für
691 5813 2866 6099 uns – mitgegeben haben.
