6064 8139
3886 1479 4948 1788 am 28. Juli 1923.
2028 2041 3381 2445 Verehrter Herr Doktor!
1605 2704 5093 3052 Ich empfange freudig Ihre Nachricht und brauche nicht zu
1099 3052 5080 3286 sagen, dass ich Ihnen gern, wenn Sie mich rechtzeitig verständi¬
1081 3191 5061 3507 gen, im »Oesterreichischen Hof« ein Zimmer reserviere. Ich hätte
1093 3437 4828 3703 Sie lieber zu uns gebeten, aber wir sind durch die Gegenwart
1093 3633 5162 3886 Rollands besetzt. Das Hotel Europe ist aber momentan wirklich et¬
1106 3842 5023 4145 was kostspielig und Sie werden im »Oesterreishischen Hof« ebenso
1087 4012 2016 4265 zufrieden sein.
1592 4095 4935 4499 Gestern und heute waren wir mit Bahr und heute ging er
1099 4341 4821 4682 in einem Zuge zur Gaissbergspitze hinauf. Es war ein rechtes
1099 4606 5055 4922 Vergnügen, ihn so heiter und wohlgelaunt, wie seit Jahren nicht,
1087 4853 1624 5169 zu sehen.
1580 4935 4891 5396 In herzlicher Erwartung Ihnen entgegen und aufrichtig.
3532 5276 4189 5554 ergeben Ihr
3968 5529 5516 5990 Stefan Zweig
594 6590 5681 7090 P.S. Auch Bahr kommt in jenen Tagen aus München
739 6951 1377 7298 herüber.
