1572 2510
89 87 1467 311 sich in diesem Entwurfe, wie ich ja selbst
70 235 1527 421 genau weiß, noch vorfindet, sondern sehen
64 352 1399 523 Sie die Sache als Ganzes an. Es soll
57 462 1537 620 nämlich eine gröstere Novelle werden, zu
51 559 1510 728 deren Ausführung ich mir vorliegende Dis¬
78 661 1453 826 position gemacht habe, um den Gang
30 754 1489 942 und die Stimmung festzuhalten und
30 857 1488 1014 theilweise auch den Stil. Die Ausführung
47 961 1459 1107 ist so gedacht, dass, wenn ich z. B. an einer
55 1038 1431 1179 Stelle von dem »behäbigen Dutzendbengel«
30 1122 1497 1308 spreche »der kleine Backfische ganz gut lei¬
34 1237 1512 1412 den mag«, ich dies nicht blos erzählen, son¬
45 1345 1056 1465 dern scenisch ausmalen will.
9 1416 1507 1620 Der »Ich«ton ist, wie ich glaube, der hier
36 1541 1459 1721 einzig mögliche, um die seelischen Fein¬
40 1594 1501 1808 heiten herauszubringen. Die Characterisi¬
6 1740 1467 1920 rung der andern, der Männerfigur lässt
13 1832 1493 2012 sich durch die Heldin selbst ganz gut be¬
8 1937 1524 2121 werkstelligen, denn sie notirt ja sein Reden
30 2041 1488 2191 und Verhalten und hauptsächlich ist es
21 2138 1480 2319 mir doch darum zu thun, die Wirkung
