1197 822
256 60 924 123 Redaction der „Deutschen Dichtung“
581 110 1111 185 Berlin W. 10, 8. IX 18900
558 153 798 205 Friedrich Wilhelm-Strasse 6.
68 147 557 222 Verehrter Herr Doctor!
75 182 1083 252 Es thut mir ſehr leid, daß zunächſt nichts von
70 214 1145 307 Ihnen zu haben ist, doch hoffe ich auf Ihre freundliche
74 268 1107 361 Zuſage, beim Nächſten an mich zu denken. Wir
86 280 1130 379 kön̄en Längeres und Kürzeres brauchen; haben Sie
92 337 1100 424 was, ſo ſchicken Sie s und fügen Sie Ihren Honorar¬
84 353 1141 493 Anspruch bei; wir kom̄en dan̄ schon zu einem Gehalt etc
82 391 1129 505 Am liebſten brächte ich ein Drama von Ihnen; da Ihnen
72 438 1133 541 dadurch weder die Bühnen-Tantieme noch das
92 466 1092 606 Honorar der Buchgausgabe irgend tangirt wär, ſo iſt dies
91 519 884 644 vielleicht auch Ihnen das Genehmſte!
265 553 1107 664 Mit beſten Empfehlugen Ihr ſehr ergebner
706 609 1032 700 K. E. Franzos
71 663 1035 772 Herrn Dr. A. Schnitzler, Wien lX. Frankgasse 1.
