3981 6760
1186 916 3531 1224 Schade, dass Auernheimer
491 1192 3421 1493 durch die ängstliche Tendenz der
511 1480 3568 1760 Neuen Freien Presse genötigt, war, dem
517 1712 3551 2017 eigentlichen Problem auszubiegen. Alles
533 1967 3553 2262 Gerade die Idee der Amalgamierung
511 2217 3434 2424 des Jüdischen und Wienerischen darin
535 2375 3570 2666 scheint mir das Neue, Bedeutsame und
522 2656 3198 2911 noch nie Gewagte und sie würde –
523 2904 3522 3195 und wird vielleicht – in einer Studie
547 3125 3431 3399 über den Roman mich am meisten
559 3356 1606 3681 beschäftigen.
1134 3646 3537 4016 Nochmals: vielen Dank für
591 3894 3373 4167 Ihre Güte. Und seien Sie meiner
562 4137 3465 4517 lebhaften Verehrung aufs innigste
567 4382 2928 4727 versichert. Ihr sehr ergebener
2347 5383 3549 5902 Stefan Zweig
