3981 6760
1966 1279 2785 1460 VIII. Kochgasse 8
2238 1436 2519 1559 Wien,
2783 1317 3526 1595 Donnerstag
700 1737 3502 2058 Sehr verehrter Herr Doktor, als
764 2155 3623 2434 ich Ihren Brief in die Hand nahm
760 2438 3375 2684 dachte ich nur – ehe ich ihn
775 2675 3249 2929 öffnete – noch in meine erste
786 2909 3511 3167 Freude hinein: Wenn Sie nur nicht
768 3133 3433 3450 Samstag sagen! Nun sagten Sie es
775 3419 3538 3663 wirklich und Samstag ist der einzige
791 3658 3589 3936 für mich unaufschiebbar besetzte Abend
792 3874 3529 4247 (eine Vorlesung im »Volksheim«, die ich
809 4122 2912 4398 Herrn Professor Reich zusagte.)
1584 4373 3599 4671 Wollen Sie, verehrter Herr
816 4637 3455 4884 Doktor, es noch einmal versuchen?
816 4842 3578 5144 Jeder Tag, jede Stunde ist mir recht,
817 5048 3504 5337 die Sie mir für nächste Woche be¬
814 5301 2279 5559 stimmen wollten.
1512 5515 3251 5824 In Verehrung getreu
2302 5846 3554 6179 Stefan Zweig
