1817 1953
39 128 1571 341 seiner Person auf sie zu zeigen – und
17 244 1676 456 das thut sie ja selbst in diesen Aufzeichnung¬
31 359 1546 586 gen! – Nun, Sie werden ja selbst sehen!
114 473 1632 634 Und somit danke ich Ihnen, meinem
58 586 1562 819 verehrten literarischen Beichtvater,
25 726 1684 892 für die Geduld, mit der Sie diese Zeilen
37 817 1672 1034 durchlesen (falls Sie bis hierher kommen)
29 918 1595 1125 und schließte mit nochmaligen Empfeh¬
8 1046 1562 1213 lung dieser Blätter an Ihre erwiesene
27 1176 1147 1344 Güte dankbar ergebenst
586 1416 1306 1653 Elsa Plessner
