6229 8497
4341 1208 4782 1342 Salzburg
4259 1317 4882 1496 Kapuzinerberg 5
4319 1459 5408 1687 14. Oktober 1927.
1267 2052 3198 2323 Lieber, verehrter Herr Doktor!
1830 2443 5262 2682 Ihre Handschrift erweckt immer freudiges Gefühl in mir
1272 2697 5348 2894 und ich eile mich, Ihnen zu antworten, freilich nicht unbeschämt,
1285 2933 5417 3108 denn meine Auskunft ist unverantwortlich ungenau. Ich bin in allen
1267 3146 5373 3337 Honorardingen geradezu tölpisch leichtsinnig, kümmere mich um gar
1244 3320 5299 3576 nichts und die Honorare, die ich bislang für Verfilmungen meiner
1276 3549 5158 3717 Novellen erhielt, haben die Heiterkeit der Fachleute herausge¬
1268 3759 5133 3981 fordert. So habe ich auch in Russland glattweg die Vorschläge
1286 3985 5193 4240 angenommen, die mir die »Wremja« stellte und die ich gar nicht
1283 4136 5242 4415 mehr auswendig weiss. Ich kann nur feststellen, dass der Ertrag
1268 4404 5242 4597 sich bei dem letzten Buche etwa auf 150 Dollar belief, bin aber
1285 4572 5193 4789 gewiss, dass Sie das Vierfache erzielen können. Die Buchpreise
1284 4829 5177 5018 sind ja drüben nicht sehr wesentlich, aber nach den neuen Ver¬
1276 4999 5235 5167 einbarungen, deren Text ich noch nicht kenne, hat Lunatscharski
1284 5214 5130 5411 auch von den unerlaubten Nachdrucken jetzt eine gewisse Quote
1295 5402 5387 5615 für den ausländischen Autor festgesetzt. Ob sie gezahlt wird, ist
1286 5616 5422 5828 eine andere Sache. Ich persönlich würde Ihnen raten, sich Russland
1282 5808 5302 6056 gegenüber nicht auf Perzente einzulassen, weil man ja jeder Kon¬
1307 6047 5318 6282 trollmöglichkeit entzogen ist, und eine einmalige Dollarsumme zu
1279 6269 5211 6462 fordern: es ist ja ohnehin ein Wunder, wenn man etwas aus Russ¬
1292 6449 5190 6702 land herausbekommt. Ich hoffe, Sie allerdings in sechs Monaten
1286 6652 5321 6865 viel besser informieren zu können, denn ich möchte sehr gerne im
1261 6881 4817 7082 März mir für vier Wochen die Sache persönlich anschauen.
