1566 2399
123 161 1321 370 I. Bäckerstraße No 1 den 14.9.96
332 437 1008 620 Hochverehrter Herr!
259 626 1332 806 Der Plagegeist, der Sie im ver¬
90 766 1269 942 gangenen Winter mit Manuscripten
91 861 1385 1023 bombardirt hat und dem Sie in himm¬
86 962 1266 1133 lischer Geduld mehrmals schriftlich
118 1050 1243 1198 Rede und Antwort – will sagen Urtheil –
75 1146 1346 1319 standen, erlaubt sich hiemit die höfl.
83 1244 1410 1366 Anfrage, ob und wann Sie ihm in einer
73 1322 1400 1464 für ihn außerordentlich wichtigen Angelegen¬
56 1410 1374 1595 heit eine Audienz bewilligen. Es han¬
56 1515 1389 1686 delt sich um das Ihnen bekannte drei-acti¬
83 1628 608 1774 ge Drama. –
120 1741 1352 1900 Wenn sie die große Liebenswürdig¬
100 1822 1382 1962 keit haben wollten, mir mitzutheilen
76 1942 1382 2133 wann Sie die noch größere besitzen
