6229 8497
1833 1862 5319 2075 Ich beglückwünsche Sie sehr dazu, so rasch und fleissig
1281 2072 5311 2271 ein schöpferisches Buch dem anderen nachzusenden, was mir leider
1253 2322 5207 2506 nicht gelingen will. Ich habe nur Kleineres zu bieten und dies
1258 2505 5297 2709 mögen Sie heute mit der Biographie der Desbordes-Valmore und den
1261 2698 4258 2928 essayistischen Miniaturen freundlich empfangen.
2438 2927 4682 3082 In getreuer Liebe und Verehrung Ihr
4109 3417 5667 3838 Stefan Zweig
