3981 6760
1982 1239 2761 1426 VIII. Kochgasse 8
2257 1407 2534 1582 Wien,
2817 1272 3439 1540 13. Dez 09
680 1866 2835 2232 Sehr verehrter Herr Doktor,
1643 2366 3306 2695 ich hatte gestern die
662 2612 3423 3010 Freude, der erfolgreichen Aufführung
650 2883 3411 3137 Ihres »Ruf des Lebens« beizuwohenen. Es
673 3113 3478 3404 wäre ungeziemend wollte ich mir eine
669 3306 3521 3655 Bemerkung über das Wesen und den Wert
682 3513 3419 3815 des Stückes zu Ihnen ungefragt gestatten, aber
659 3779 3491 4098 das darf ich Ihnen wohl sagen, dass ich
635 3981 3421 4337 vielleicht niemals von einem Ihrer Werke
654 4237 3544 4579 im Theater einen so gewaltigen und wirklich
649 4445 3555 4814 die letzten Erschütterungen aufwühlenden Ein¬
623 4656 3561 5019 druck empfunden habe. Sie bedürfen heute
629 4884 3442 5296 längst nicht mehr einer Zustimmung
722 5152 3501 5443 – am wenigsten von uns, die wir alle an
598 5303 3446 5711 Ihnen zu lernen haben – aber eben, weil
575 5544 3584 5911 diesem Stück soviel Missverständnis – Feind¬
