3981 6760
534 1086 3499 1369 lich oder auch freundlich – gegenüber
529 1393 3478 1623 stand, möchte ich Ihnen sagen, dass ich
546 1572 3548 1784 das Gefühl gänzlichen Einverständnis hatte.
546 1792 3560 1985 Ich habe wie selten hier die Gefühle in einer
536 1983 3601 2256 nahten und doch nicht schamlosen mensch¬
532 2215 3546 2446 lichen Körperlichkeit gefühlt und den unge¬
541 2419 3547 2629 heuren Raum wirklich mit einem süssen und
553 2641 3586 2911 bezwingenden Schrecken aufgerissen gesehen, der
549 2842 3584 3086 zwischen dem intensivesten Leben und dem
541 3045 3553 3309 Nichts plötzlich aufspringen kann. Nie, soweit
560 3269 3459 3473 ich Ihr Werk überschaue, haben Sie eine
540 3441 3663 3724 ähnliche Gewalt über das Schicksal gezeigt und
532 3698 3493 3967 ich wäre froh, wenn Sie sich dieses Stück
550 3948 3639 4205 nicht um ein paar theatralischer Dinge willen
558 4129 3558 4395 jemals verärgern oder minder lieb haben
567 4391 3645 4650 liessen. Ich werde Ihnen immer dafür dank¬
540 4608 3646 4828 bar sein und ich glaube, immer mehr wer-
557 4794 3451 5062 den sich finden, die es so fühlen werden:
579 5006 3534 5269 nicht um des Gesagten willen, der Worte
561 5249 3652 5446 und der Menschen sosehr, sondern um der
535 5428 3651 5691 ungeheuren Vitalität willen, die aus jedem
518 5641 3519 5914 Wesen darin atmet. Diese feindliche Um¬
