6229 8497
4323 1214 4999 1365 Kapuzinerberg 5
4452 1318 4894 1482 Salzburg
4258 1444 5185 1700 18. Jan. 1928.
1172 1827 3382 2105 Sehr verehrter, lieber Herr Doktor!
1842 2239 5364 2571 Von einem Menschen, den man liebt, ausgelacht zu werden,
1151 2523 5292 2742 tut nicht sehr weh. So gestehe ich Ihnen offen das kuriose Faktum
1151 2679 5276 2920 ein, dass ich gar nicht weiss, was für Bedingungen ich damals für
1145 2899 5449 3107 meine Erlaubnis der russischen Gesamtausgabe gemacht habe. Ich bekam
1136 3127 5436 3360 einmal 150 Dollar und einmal 50 Dollar, setzte für Specht eine recht
1144 3306 5361 3562 anständige Bezahlung durch. Seit der Zeit habe ich keine Abrechnung
1153 3557 5137 3769 bekommen und sie auch gar nicht eingefordert, wie überhaupt kmeie
1145 3690 5362 3957 meine ganzen materiellen Angelegenheiten in einer etwas fantastisch
1141 3976 5239 4151 leichtfertigen Art von mir geführt werden. Ich glaubte, in diesem Bezug allerhand
1139 4134 5417 4407 Rekorde zu schlagen, weil ich immer das annehme, was man mir schickt,
1124 4348 5298 4506 und nie nachfrage und mich erkundige. Im allgemeinen stehe ich auf
1136 4567 5240 4816 dem Standpunkt, dass aus dem Ausland mit Ausnahme von England und
1123 4733 5236 5000 Amerika nichts zu holen ist. Die russischen Bücher sind dermassen
1139 4978 5182 5225 billig und unsere Rechte so dubios, die Zeit mit Korrespondenzen
1130 5171 5418 5443 und Mahnungen ansererseits so kostbar, dass ich einfach da die Zügel
1136 5376 5414 5594 rennen liess. Auch was ich von Norwegen, Schweden, Polen, Ungarn be¬
1117 5610 5519 5850 ziehe, ist gleich null; in diesen kleinen Ländem kommt man zu nichts.
1122 5763 5209 6018 Mein Traum ist und bleibt, dass ein paar von uns sich zusammentun
1125 5963 5289 6240 sollten und sich einen Agenten halten, der den ganzen Nachrdrucks¬
1110 6246 4969 6450 und Uebersetzungsbestrieb und – last not least – unsere ganze
1102 6441 5292 6658 Korrespondenz übemimmt. So machen es die Engländer: die schreiben
1132 6632 5350 6828 auf jeden Brief mit Blaustift eine Zeile, der Agent beantwortet für
1120 6815 5387 7086 ihn, kämpft für ihn, holt ihm trotz der 10% die zehnfachen Honerare
1115 7039 5463 7225 heraus und die innere Ruhe ist nicht verstört. Ihnen mag es vielleicht
1116 7240 5121 7475 etwas besser gehen. Ich aber, der ich mich durch meine neugierige
1125 7415 5097 7648 und kommunikative Natur und durch eine aktive Internationalität
