1549 2295
81 126 1380 301 I. Bäckerstrasse N°1, den 15.9.96.
173 304 1155 564 Verehrten Meister Anatol!
97 496 1259 660 Hiemit übersende, Ihrem Wunsch
40 628 1286 833 gemäss, den Brief, den Sie so gütig
43 679 1428 918 waren, an mich zu richten sowie einen
40 861 1274 956 andern der mir heute Früh zukam.
52 942 1302 1138 Diese liebenswürdigen Zeilen von Frau
66 1027 1326 1220 Janitschek haben mich aufrichtig
29 1139 1390 1352 erfreut und dürften auch Sie einiger¬
3 1288 1245 1456 maßen interessieren! Nicht wahr? –
80 1359 1324 1566 Sodann bringt dies umfangreiche Paket
26 1495 1269 1670 meinen zukünftigen Band Skizzen,
31 1596 1373 1777 von dem ich mir das Schlimmste, was
19 1682 1395 1836 Sie mir darüber sagen können selber
28 1774 1412 1943 schon gesagt habe. Allein wie bemerkt
12 1909 1257 2040 zwingen mich rein äußerliche
81 1997 1314 2180 Gründe ein »Buch« vom Stapel
