6229 8497
1341 1650 5060 1897 in vielerlei eingelassen habe, stehe heute vor dem Problem,
1321 1889 5543 2122 dass auf eine Seite Produktion 15 Seiten Briefe kommen. Und deshalb
1314 2074 5477 2333 eben habe ich beschlossen, zumindest die materiellen kleinen Ange¬
1316 2250 5227 2552 legenheiten wie Uebersetzungen selbst laufen zu lassen und Sie
1317 2467 5568 2719 haben sich vielleicht an die allerschlechteste Auskunftei in diesen
1310 2677 2303 2909 Dingen gewandt.
1980 2864 5462 3201 Ich hoffe, bald mit meiner Essay–Arbeit fertig zu sein.
1294 3088 5483 3380 Die kleine Komödie war ich zu faul und zu dumm selbst zu schreiben
1281 3330 5175 3554 und es machte mir Spass, zum erstenmal im Leben mich mit einer
1277 3539 5574 3769 Kompagnie zu versuchen. Mein Freund und Nachbar Lemet-Holenia, der
1280 3765 5301 4014 gerade vorbeikam, war von Thema und Linie sehr entzückt und nun amüsieren wir uns
1276 3939 5460 4143 täglich drei Stunden ausgezeichnet, indem wir vergnüglich tun, was
1276 4127 5493 4365 man sonst Arbeit zu nennen pflegt.: ob das Kind lebendig bleibt,
1258 4338 1962 4549 weiss Gott,
1297 4523 1954 4741 jedenefalls
1283 4656 2079 4904 macht es viel
1293 4735 2633 5149 Spass, es zu schaukeln.
2340 4359 4854 4597 Mit vielen innigen und getreuen Grüssen
4020 4512 4285 4773 Ihr
4227 4884 5600 5389 Stefan Zweig
