3981 6760
561 1039 3603 1361 schlingung von Leben und Tod, die feurige
573 1351 3626 1573 Secunde ihres Einswerdens in der Leidenschaft
595 1563 3621 1767 wird mir unvergesslich eine der schönsten
621 1782 3011 1988 Erinnerungen an den Abend sein.
1205 2016 3550 2295 Nehmen Sie also innigen Dank
647 2248 3523 2493 für dieses Werk, das alte Liebe und Ver¬
621 2475 3580 2714 ehrung bei mir nur vermehrt, bekräftigt
620 2665 3620 2897 und vertieft hat. Wie freue ich mich Ihrem
642 2890 1934 3196 nächsten entgegen!
1204 3111 3239 3397 In herzlicher Ergebenheit
2427 3729 3568 4237 Stefan Zweig
