6229 8497
4376 1309 4861 1444 Salzburg
4287 1399 4964 1602 Kapuzinerberg 5
4202 1617 5008 1851 15. Mai 1928.
1278 1996 3372 2276 Lieber und verehrter Herr Doktor!
1884 2380 5481 2686 Ich habe zwiefach zu danken und beide Male sehr herzlich:
1269 2702 5424 2890 sowohl für Ihren lieben Brief, der mich unendlich erfreute, und Ihr
1265 2892 5314 3091 Buch, das mich überrascht hat – Ihr Fleiss gerade in den letzten
1269 3094 5613 3314 Werken wirkt auf uns Jüngere beschämend. Nichts selbstverständlicher,
1283 3352 5385 3584 als dass ich sofort das Buch zur Hand nahm und Ihnen so heute mit
1290 3519 5167 3784 dem Danke zugleich ungehemmt meinen Eindruck aussprechen darf.
1883 3673 5351 3908 Sie haben sich ein ungeheuer schweres Problem gestellt,
1277 3872 5217 4213 denn nichts ist in der Kunst schwieriger und undankbarer darzu¬
1301 4153 5268 4364 stellen als das Negative, eine gewisse Monotonie des Glücks und
1276 4326 5137 4618 des Unglücks, die Tragik der Hoffnungslosigkeit. Ich weiss es
1268 4567 5397 4836 gerade jetzt, weil ich eine grössere Arbeit mitten im Werke aufge¬
1283 4773 5444 5014 geben habe, wo gleichfalls ein armer Lebenslauf geschildert werden
1267 4971 5406 5159 wollte,: aber unwillkürlich dringt die Monotonie leicht in die Ge¬
1291 5141 5097 5372 staltung, und für mein Empfinden manifestierte sich Rembrandt
1260 5327 5125 5546 nie genialer als wie er die drei riesigen Bäume allein in die
1251 5583 5326 5793 ungeheure (sonst kaum malerisch darstellbare) Ebene stellte. Der
1283 5746 5423 5958 Stoff also, den Sie sich gewählt haben (oder vielmehr, der Sie ge¬
1268 5945 5418 6252 wählt hat: es wählt ja für uns) will mir nur scheinbar unbewegt vor¬
1269 6164 5167 6452 kommen. Es ereignet sich ein fortwährendes Wellenspiel von Ge¬
1266 6430 5287 6660 schehnissen und Veränderungen – ich aber spüre am grossartigsten
1256 6576 5132 6914 und tragisschesten darin die innere Hoffnungslosigkeit dieses
1258 6842 5291 7036 Menschen. Ich weiss nicht, wieso es kommt, aber von der 50. Seite
1280 6998 5157 7293 an wusste ich schon bei jedem Erlebnis, es würde nicht dauern,
1258 7274 5258 7534 nicht Glück produzieren, es würde wieder enden an ebenderselben
