3981 6760
419 884 2195 1183 Wien VIII. Kochgasse 8
494 1564 3037 1817 Sehr verehrter Herr Doktor,
3125 1951 3434 2127 ich
588 2163 3475 2441 weiss nicht, ob Sie schon in Wien
605 2451 3522 2725 sind und ob ich meine Bitte an
601 2720 3425 2950 Sie richten darf. Sie will nicht
625 2946 3500 3206 viel: ich möchte Sie gerne wieder
657 3177 3400 3492 einmal besuchen dürfen, das ist
636 3451 3461 3657 Alles. Man erzählt mir viel von
634 3644 3601 3903 Ihrem neuen Stück und so viel Gutes
669 3881 3357 4114 dass ich ganz ungeduldig werde
686 4107 3550 4349 und das Frühjahr kaum erwarten
670 4329 3560 4594 kann: freilich ist zuvor noch die
688 4553 3486 4788 Freude des »Medardus«-Première!
688 4756 3563 5033 Wie viel Ihnen doch in den letzten
696 4983 3497 5256 Jahren gelungen ist, wir, die wir
684 5203 3612 5455 Ihr Werk lieben, sind immer noch
676 5427 3658 5717 ungeduldig und wollen noch immer
