2372 1530
167 0 2190 183 zu lassen – beklagen sollt Ihr mich, doch nimmer
108 97 2247 301 richten!! – Doch bitte ich Sie herzlich No 1, das Fragment
129 223 2231 419 oder quasi-croquis nochmals zu lesen und dabei zu verges¬
129 312 2190 465 sen, dass ich je beabsichtigte, es weiter auszuführen. Vielleicht
129 400 2201 551 ändern Sie dann ein wenig Ihre Meinung umsomehr, als
116 511 2177 653 ich ja stark daran gefeilt und geändert habe! – No 2 ist
102 613 2206 755 aus dem Simplicissimus, sowie 3, 6 u 7 von Langen für Simpl. aus
116 672 2274 852 10 Skizzen ausgewählt wurden. (? – !) 3 und 6 ganz alte Arbeiten.
99 747 2193 989 Als beste von Allenm, wenn man so sagen darf, gilt mir Nr. 8 –
126 860 1959 1051 »Im Widerschein«. – Doch wir werden ja sehen!
159 943 2225 1115 Seien Sie immer so grob, als Sie nur können, und glauben
132 1062 2249 1260 Sie mir, verehrter Herr Doctor, dass mich eine solide, ehr¬
97 1142 2209 1379 liche Grobheit von Ihnen mehr freut, als alle
