3002 2448
143 44 2747 331 Complimente sämmtlicher Esel- von Wien zusammengenommen!
161 225 2641 454 Die Abdrücke sind – verdammen Sie mich nicht – aus dem
120 383 2316 557 N. W.- Journal! – – –
188 489 2634 734 Und somit überliefre ich mich Ihrer Gnade – ich glaub
58 642 2801 861 an sie und hoff' auf sie, wobei ich schließlich noch soeben bemerke
123 775 2757 1039 dass meine Handschrift ein wenig der Ihrigen ähnlich ist.
492 950 2217 1237 Mit Verehrung und Dankbarkeit
1623 1192 2258 1425 Elsa Plessner
123 1643 960 2333 mit 3 Beilagen
