6229 8497
1125 1658 5033 1909 furchtbaren Verbannung von aller Freudigkeit, in welche dieser
1125 1915 5080 2077 Mensch hineingeboren ist. Sie konnten nicht wahrer sein, indem
1149 2062 5173 2268 Sie aus Millionen eine solche Gestalt herausholten, und für mein
1139 2288 5360 2500 Empfinden stellt sich diese Chronik endgiltig dar. Sie romantisiert
1121 2565 5230 2708 nicht, sondern sie bleibt grausam nüchtern und erschreckend wahr.
1142 2708 5114 2988 Erschreckend – dies Wort gilt nicht für mich, der das Tragische
1149 2935 5115 3168 und am liebsten das geheim Tragische des Daseins in Büchern als
1119 3118 4879 3353 höchste Tugend ehrt, wohl aber vielleicht für ein breiteres
1134 3286 5260 3603 Publikum, das, weil selbst diese Monotonie unbewusst erlebend, im
1143 3539 5316 3799 Geschriebenen wie auf der Leinwand immer eine Spannung sehen will,
1151 3728 5367 4038 bewegte Schicksale, und das unbewusst Depressive dieser Gestalt als
1155 3931 5185 4223 gênant empfinden wird – gênant für ihre Sorglosigkeit, für ihren
1157 4166 5383 4345 Amüsierwillen, ihr Darüberhinwegwollen im eigenen Dasein. Sie haben
1175 4295 4919 4568 es gewiss von Anfang gewusst, dass Sie hier einer Publikums¬
1183 4508 5122 4867 neigung im inrersten entgegenwirken – die Menschen wollen immer
1138 4781 5300 5011 nur Reichtum sehen, reiche Milieus, tropische Charaktere, rare und
1141 4996 5436 5171 kuriose Er lebnisse – aber nichts ehrt Sie mehr, als dass Sie auf der
1147 5201 5182 5460 Höhe Ihres Schaffens das Allerschwerste auf sich genommen haben,
1151 5361 5227 5648 das dem Künstler vorbehalten ist: die arme Existenz zu schildern,
1174 5615 5410 5910 die Tragödie der unzähligen Anonymen. Diese Menschen lesen nicht die
1154 5834 5195 6068 Bücher in den ersten vier Wochen, insolange sie modern sind, sie
1162 6016 5176 6225 kommen erst langsam an sie heran – dann aber werden Sie einzelne
1164 6219 5221 6442 Dankbarkeiten erhalten, die Ihnen wirklich glückhaft sein müssen.
1145 6397 5063 6623 Als Mann des Metiers muss ich ein wenig neugierig sein auf den
1150 6712 5201 6919 Wiederhall im Kreise der Geistigen, ob siediese das bewusst Heroische
1167 6856 4821 7114 dieser Chronik wahrnehmen und würdigen können, das für uns
1162 7007 5233 7317 Oesterreicher noch überdies besonderen dokumentarischen Wert hat.
1162 7278 5180 7480 Das Gefährliche einer solchen Chronik im Gegensatz zu einem wirk¬
