3981 6760
1985 1255 2826 1447 VIII. Kochgasse 8
2258 1418 2542 1562 Wien,
732 1965 2939 2245 Sehr verehrter Herr Doktor,
2074 2397 3535 2728 als Sie Ihr schönes
689 2698 3608 2972 Haus bezogen und ich es zum ersten¬
732 3012 3579 3255 mal sehen durfte, sagte ich Ihnen von
708 3211 3628 3508 dem kleinen Schmückstück, das ich mir
700 3513 3408 3737 dafür ausgedacht hatte. Es sollte der
734 3723 3572 3986 Hausspruch von Goethe in seiner Hand­¬
731 3947 3460 4227 schrift sein, und wirklich glückte es
722 4170 2364 4424 mir, ihn zu erlangen.
2058 4301 3472 4688 Nun ist er freilich
764 4606 3522 4906 nicht ein Edelspruch Goethes, sondern
763 4874 3513 5172 eher einer wo sein Genius geschlafen
777 5084 3582 5401 hat: aber immerhin, nehmen Sie nur
762 5336 3559 5645 die erste Zeile davon als den Wunsch
751 5585 3557 5869 eines Erlauchtesten für Ihr Haus und
