6229 8497
4396 1195 4823 1325 Salzburg
4269 1265 4929 1440 Kapuzinerberg 5
1199 1620 2617 1885 2. Blatt. 15. Mai 1928.
1241 2052 5508 2256 lichen Roman entgeht mir natürlich nicht, nämlich dass im Roman alle
1213 2237 5588 2524 Gestalten auf Wiederkehr gestellt sind, also dramenhaft, während hier
1228 2477 5263 2675 die meisten nur einmal episodisch auftreten und dadurch leichter
1216 2706 5374 2902 dem Gedächtnisse verschatten – mir fliessen die einzelnen Familien
1220 2902 5379 3068 der Lehrerin in der Erinnerung schon ein wenig zusammen, – aber dies
1196 3067 5484 3361 war nicht zu vermeiden, denn sie bedeuten ja nichts als Meilensteine,
1205 3319 5314 3462 um den Weg zu messen. Sie wissen so viel von den Geheimnissen der
1222 3481 5494 3724 epischen Prosa, dass Sie da mit Sparsamkeit gearbeitet haben, wo ein
1220 3711 5417 3920 anderer in breiten Milieuschilderungen sich und die Leser erschöpft
1192 3917 5377 4103 hätte, und ich glaube, dass die gewisse Silhouettenhaftigkeit der
1200 4123 5380 4333 Nebenfiguren gegenüber der Prägnanz der Hauptgestalten Ihre rechte
1216 4308 2888 4582 und richtige Einsicht war.
1834 4524 5301 4773 Lassen Sie sich nun ruhen auf solcher Leistung, die für
1190 4746 5549 4946 uns Jüngere gleichzeitig eine Lehre bedeutet. Wie wunderbar, dass Sie
1203 4973 5350 5218 aus solcher Fülle schöpfen können, und das selige Spiel des Erfin¬
1215 5156 5228 5388 dens istsich Ihnen fast noch leichter als in den jugendlichen Jahren
1205 5394 5434 5589 gewährt. Könnte dies Buch meine seit den Knabenjahren rein bewahrte
1205 5559 5223 5827 Verehrung und Liebe noch erhöhen, so hätte es dies gewisslich in
1184 5740 5240 5946 mir getan, aber vielleicht ist schon jene kristallene Festigkeit
1195 6003 5160 6213 des Gefühls vorhanden, die durch ein gelungenes Werk nicht mehr
1201 6227 5289 6412 gesteigert und durch ein misslungenes nicht mehr gemindert werden
1191 6362 5400 6628 könnte. Seien Sie dieser meiner lautersten und in ihrer Unabänder-
1183 6643 5222 6894 lichkeit verlässlichen Gesinnung aufrichtig gewiss! Und erlauben
1193 6812 5255 7071 Sie mir, das, wenn ich nächstens nach Wien komme, ich Ihnen noch
1183 7051 3190 7256 glückwünschend die Hand reiche.
3652 7251 4605 7480 Treulichst Ihr
4445 7513 5512 7884 Stefan Zweig
