<?xml version="1.0" encoding="UTF-8" standalone="yes"?>
<PcGts xmlns="http://schema.primaresearch.org/PAGE/gts/pagecontent/2013-07-15" xmlns:xsi="http://www.w3.org/2001/XMLSchema-instance" xsi:schemaLocation="http://schema.primaresearch.org/PAGE/gts/pagecontent/2013-07-15 http://schema.primaresearch.org/PAGE/gts/pagecontent/2013-07-15/pagecontent.xsd">
    <Metadata>
        <Creator>prov=READ-COOP:name=TrHtr:version=2.27.0:model_id=356425:date=30_06_2025_16:14</Creator>
        <Created>2025-06-25T14:33:13.224+02:00</Created>
        <LastChange>2025-07-01T15:01:16.415+02:00</LastChange>
    </Metadata>
    <Page imageFilename="0012_Elsa-Plessner_9629-1.jpeg" imageWidth="1574" imageHeight="2330">
        <ReadingOrder>
            <OrderedGroup id="ro_1751552302694" caption="Regions reading order">
                <RegionRefIndexed index="0" regionRef="tr_1"/>
            </OrderedGroup>
        </ReadingOrder>
        <TextRegion orientation="0.0" id="tr_1" custom="readingOrder {index:0;}">
            <Coords points="10,101 10,2210 1436,2210 1436,101"/>
            <TextLine id="l_1" custom="readingOrder {index:0;} dateline {offset:0; length:34;} opener {offset:0; length:34; continued:true;} place {offset:0; length:20;} letter-begin {offset:0; length:2;} textStyle {offset:17; length:1;superscript:true;} date {offset:26; length:7;}">
                <Coords points="102,197 539,183 592,215 740,159 953,211 1103,159 1194,222 1263,174 1377,185 1381,39 1104,120 877,90 831,127 690,48 569,95 421,67 104,123"/>
                <Baseline points="112,186 139,182 166,178 193,177 221,177 248,176 275,176 303,176 330,176 357,176 385,176 412,174 439,174 466,174 494,173 521,172 548,172 576,171 603,171 630,174 658,172 708,170 733,173 759,171 785,168 811,166 836,166 862,168 888,170 914,172 940,171 965,169 991,166 1017,166 1043,164 1069,163 1094,162 1120,162 1146,160 1172,156 1198,156 1198,157 1382,152"/>
                <TextEquiv>
                    <Unicode>I. Bäckerstraße No 1, den 21.9.96.</Unicode>
                </TextEquiv>
            </TextLine>
            <TextLine id="l_2" custom="readingOrder {index:1;} salute {offset:0; length:22;} opener {offset:0; length:22; continued:true;}">
                <Coords points="386,370 798,402 872,352 935,387 1134,352 1217,382 1258,370 1256,273 1122,220 1046,257 979,201 884,273 770,203 657,262 525,197 380,229"/>
                <Baseline points="394,330 420,330 447,328 473,328 500,327 527,327 553,329 580,331 606,333 633,336 660,341 711,344 737,344 763,347 790,348 816,351 842,352 869,350 895,356 921,356 948,350 992,350 1019,352 1046,351 1073,352 1100,350 1127,349 1154,347 1181,349 1208,352 1235,356 1262,358"/>
                <TextEquiv>
                    <Unicode>Verehrter Herr Doctor!</Unicode>
                </TextEquiv>
            </TextLine>
            <TextLine id="l" custom="readingOrder {index:2;} letter-begin {offset:0; length:3;}">
                <Coords points="72,571 328,539 426,632 569,537 1140,597 1372,514 1376,368 694,405 442,377 252,493 76,456"/>
                <Baseline points="84,546 136,543 188,540 240,536 292,538 344,538 396,534 448,534 500,534 552,534 605,534 657,534 709,531 761,532 813,533 865,530 917,530 969,527 1021,524 1073,520 1126,518 1172,516 1197,513 1223,512 1248,512 1274,513 1299,514 1325,512 1350,510 1376,510"/>
                <TextEquiv>
                    <Unicode>Mit dem Tage, der eben schließt, sind</Unicode>
                </TextEquiv>
            </TextLine>
            <TextLine id="l_4" custom="readingOrder {index:3;} textStyle {offset:8; length:8;underlined:true;}">
                <Coords points="60,671 245,708 354,660 631,685 682,650 972,703 1270,646 1272,594 1069,562 824,606 569,535 417,632 322,537 185,625 63,576"/>
                <Baseline points="72,660 105,659 138,656 171,659 204,654 237,655 270,657 303,658 336,658 369,656 402,656 435,652 468,653 501,655 534,655 567,655 600,656 633,654 666,651 699,648 732,645 750,644 776,645 802,646 829,648 855,644 882,646 908,645 934,644 961,643 987,642 1014,641 1040,639 1067,635 1066,634 1274,630"/>
                <TextEquiv>
                    <Unicode>Sie zum Erzengel avancirt. –</Unicode>
                </TextEquiv>
            </TextLine>
            <TextLine id="tr_1_tl_10" custom="readingOrder {index:4;} paragraph {offset:0; length:12;}">
                <Coords points="86,794 227,778 284,826 488,771 719,817 905,791 946,833 1073,757 1353,778 1356,646 990,650 921,697 861,655 562,713 372,671 255,722 88,680"/>
                <Baseline points="96,778 159,774 222,770 285,770 348,771 411,770 474,768 537,768 600,764 663,768 726,766 789,766 852,765 915,763 978,761 1041,758 1104,756 1167,751 1230,750 1293,748 1356,750"/>
                <TextEquiv>
                    <Unicode>Herzlichsten, aufrichtigsten Dank</Unicode>
                </TextEquiv>
            </TextLine>
            <TextLine id="tr_1_tl_11" custom="readingOrder {index:5;}">
                <Coords points="46,916 636,881 923,930 1191,886 1261,925 1370,877 1372,787 1286,761 1140,828 1067,784 958,842 905,791 800,796 650,842 358,777 277,845 157,847 49,775"/>
                <Baseline points="58,878 123,880 189,878 255,881 321,875 387,880 452,882 518,880 584,875 650,878 716,876 781,872 847,877 913,874 979,872 1045,870 1110,865 1176,863 1242,862 1308,858 1374,856"/>
                <TextEquiv>
                    <Unicode>für die Geduld und Aufmerksamkeit</Unicode>
                </TextEquiv>
            </TextLine>
            <TextLine id="l_3" custom="readingOrder {index:6;} work {offset:15; length:8;}">
                <Coords points="26,1020 613,988 884,1002 960,1060 1043,1009 1092,1051 1140,1006 1367,993 1368,888 1034,955 636,881 497,935 26,921"/>
                <Baseline points="36,994 61,993 86,992 112,990 137,987 163,987 188,988 214,988 274,984 328,983 383,984 438,984 493,982 548,984 603,979 658,984 713,986 768,986 823,988 877,986 932,986 987,985 1042,984 1097,980 1152,978 1207,976 1262,973 1317,969 1372,966"/>
                <TextEquiv>
                    <Unicode>die Sie meinen Arbeiten zugewendet</Unicode>
                </TextEquiv>
            </TextLine>
            <TextLine id="l_5" custom="readingOrder {index:7;}">
                <Coords points="23,1127 789,1106 1016,1168 1099,1117 1395,1113 1376,988 1300,1039 1136,1009 1080,1050 1039,1013 963,1062 595,988 527,1051 349,986 224,1051 23,1025"/>
                <Baseline points="32,1102 58,1102 84,1102 110,1102 136,1104 162,1101 188,1100 214,1099 240,1098 266,1098 292,1098 314,1096 355,1092 397,1094 439,1094 481,1097 523,1096 564,1093 606,1096 648,1098 690,1098 732,1100 773,1101 815,1104 857,1104 899,1106 941,1103 982,1104 1024,1104 1066,1103 1108,1104 1150,1100 1168,1100 1199,1098 1230,1098 1261,1102 1292,1106 1323,1104 1348,1101 1374,1100 1400,1096"/>
                <TextEquiv>
                    <Unicode>haben. Diese Liebenswürdigkeit, die Sie</Unicode>
                </TextEquiv>
            </TextLine>
            <TextLine id="tr_1_tl_18" custom="readingOrder {index:8;}">
                <Coords points="16,1235 1356,1238 1335,1108 1090,1118 1000,1182 759,1115 368,1124 183,1198 116,1157 16,1175"/>
                <Baseline points="26,1210 92,1211 159,1213 226,1208 292,1208 359,1209 426,1208 492,1206 559,1204 626,1207 693,1208 759,1208 826,1206 893,1210 959,1210 1026,1213 1093,1214 1159,1214 1226,1214 1293,1215 1360,1212"/>
                <TextEquiv>
                    <Unicode>mir gegenüber so oft schon bethätig¬</Unicode>
                </TextEquiv>
            </TextLine>
            <TextLine id="l_6" custom="readingOrder {index:9;}">
                <Coords points="37,1323 245,1368 505,1312 697,1372 824,1316 1131,1324 1256,1397 1402,1335 1400,1214 1159,1286 1076,1238 872,1254 807,1217 581,1279 421,1217 333,1282 264,1231 178,1295 35,1221"/>
                <Baseline points="46,1314 103,1313 160,1312 218,1312 275,1310 332,1308 390,1310 447,1308 504,1308 562,1308 619,1309 676,1311 734,1313 791,1314 848,1311 906,1314 963,1316 1020,1316 1078,1318 1135,1316 1193,1319 1230,1318 1255,1318 1280,1319 1305,1319 1330,1319 1355,1320 1380,1322 1406,1318"/>
                <TextEquiv>
                    <Unicode>ten ist so beispiellos, daß mir jeder</Unicode>
                </TextEquiv>
            </TextLine>
            <TextLine id="l_7" custom="readingOrder {index:10;}">
                <Coords points="33,1441 342,1478 477,1423 861,1434 1014,1499 1390,1453 1361,1328 1275,1397 1080,1319 736,1402 426,1312 254,1393 33,1321"/>
                <Baseline points="44,1432 69,1432 94,1431 119,1430 144,1430 169,1429 194,1426 219,1426 244,1427 269,1426 294,1424 319,1424 344,1422 369,1420 394,1419 419,1417 444,1418 469,1421 495,1424 552,1424 582,1428 612,1424 628,1426 666,1426 704,1425 742,1425 781,1427 819,1428 857,1426 896,1431 934,1428 972,1431 1011,1431 1049,1432 1087,1430 1125,1430 1164,1432 1202,1432 1240,1433 1279,1434 1317,1436 1355,1436 1394,1426"/>
                <TextEquiv>
                    <Unicode>Ausdruck fehlt, sie näher zu characte¬</Unicode>
                </TextEquiv>
            </TextLine>
            <TextLine id="l_8" custom="readingOrder {index:11;}">
                <Coords points="0,1541 222,1534 328,1604 446,1529 807,1532 912,1573 1171,1539 1302,1603 1302,1485 1177,1453 1069,1522 757,1488 653,1518 511,1451 396,1515 67,1450 0,1486"/>
                <Baseline points="10,1530 36,1532 63,1530 90,1528 117,1526 143,1526 170,1526 197,1526 224,1527 250,1528 277,1528 304,1528 331,1526 358,1526 380,1526 426,1528 472,1532 518,1530 565,1530 611,1530 657,1530 704,1532 750,1531 796,1530 843,1535 889,1536 935,1536 981,1534 1028,1538 1074,1538 1120,1540 1167,1538 1213,1536 1259,1535 1306,1530"/>
                <TextEquiv>
                    <Unicode>risieren! Sie werden zwar sagen:</Unicode>
                </TextEquiv>
            </TextLine>
            <TextLine id="tr_1_tl_26" custom="readingOrder {index:12;}">
                <Coords points="58,1640 294,1680 426,1622 1391,1675 1388,1539 1147,1599 1066,1548 664,1612 546,1538 426,1594 338,1559 275,1594 153,1532 56,1573"/>
                <Baseline points="66,1628 132,1624 199,1619 265,1622 332,1620 398,1622 465,1620 531,1623 598,1625 664,1626 731,1628 797,1630 864,1629 930,1632 997,1634 1063,1638 1130,1640 1196,1642 1263,1644 1329,1646 1396,1648"/>
                <TextEquiv>
                    <Unicode>»Schlamperei! Man muß alle Ausdrücke</Unicode>
                </TextEquiv>
            </TextLine>
            <TextLine id="tr_1_tl_27" custom="readingOrder {index:13;}">
                <Coords points="14,1784 414,1715 1360,1745 1360,1686 458,1626 319,1707 208,1661 12,1680"/>
                <Baseline points="22,1714 89,1716 156,1718 223,1718 290,1720 357,1717 424,1713 491,1716 558,1716 625,1717 693,1722 760,1718 827,1721 894,1725 961,1726 1028,1728 1095,1727 1162,1727 1229,1728 1296,1728 1364,1728"/>
                <TextEquiv>
                    <Unicode>finden!« Ich bin aber wieder so em¬</Unicode>
                </TextEquiv>
            </TextLine>
            <TextLine id="l_10" custom="readingOrder {index:14;}">
                <Coords points="18,1895 114,1832 326,1881 583,1825 879,1828 933,1872 1006,1833 1081,1874 1434,1848 1434,1735 1317,1789 660,1724 247,1728 18,1779"/>
                <Baseline points="28,1822 53,1822 79,1820 105,1820 131,1820 157,1819 183,1818 209,1817 235,1817 260,1822 286,1820 312,1820 338,1820 364,1820 390,1820 416,1820 442,1820 512,1818 538,1820 565,1823 591,1825 618,1826 644,1825 671,1824 697,1824 724,1822 750,1820 777,1823 803,1824 830,1824 856,1824 883,1824 909,1824 936,1822 952,1822 977,1824 1002,1828 1028,1830 1053,1829 1079,1828 1104,1828 1130,1828 1155,1828 1181,1827 1206,1827 1232,1828 1257,1828 1283,1824 1308,1826 1334,1827 1359,1829 1385,1830 1410,1830 1436,1830"/>
                <TextEquiv>
                    <Unicode>pörend faul, nicht lange darüber nach¬</Unicode>
                </TextEquiv>
            </TextLine>
            <TextLine id="l_11" custom="readingOrder {index:15;}">
                <Coords points="16,1927 120,1974 365,1981 618,1936 740,1992 824,1929 1287,1925 1423,2006 1411,1902 856,1895 786,1846 683,1897 488,1848 377,1895 234,1853 16,1892"/>
                <Baseline points="26,1922 52,1924 78,1924 105,1924 131,1924 157,1924 184,1924 210,1924 236,1924 263,1922 289,1924 315,1925 342,1924 358,1916 383,1924 409,1926 435,1926 461,1927 487,1930 513,1926 539,1928 565,1927 591,1927 617,1928 642,1928 668,1928 694,1928 720,1928 746,1927 772,1927 798,1928 824,1928 850,1928 876,1926 910,1927 935,1928 961,1928 987,1929 1013,1929 1039,1928 1064,1930 1090,1930 1116,1930 1142,1930 1168,1929 1193,1927 1219,1926 1245,1926 1271,1924 1297,1924 1322,1924 1348,1925 1374,1926 1400,1925 1426,1922"/>
                <TextEquiv>
                    <Unicode>zudenken! »Wie gesagt« – Sie sind ein</Unicode>
                </TextEquiv>
            </TextLine>
            <TextLine id="l_12" custom="readingOrder {index:16;}">
                <Coords points="62,2066 174,2092 345,2054 472,2103 659,2071 747,2117 1083,2087 1162,2142 1383,2106 1266,1990 1228,2032 1094,1987 1025,2015 933,1944 771,2027 618,1934 488,1995 234,1962 60,2017"/>
                <Baseline points="70,2036 105,2040 141,2042 177,2046 213,2046 249,2042 284,2043 320,2044 356,2044 392,2044 428,2044 463,2044 499,2046 535,2047 571,2046 607,2050 642,2049 678,2050 714,2050 750,2052 786,2056 844,2070 869,2069 894,2070 920,2070 945,2070 971,2072 996,2072 1021,2072 1047,2072 1072,2072 1098,2070 1123,2070 1148,2071 1174,2072 1199,2074 1225,2075 1250,2073 1276,2069 1298,2068 1327,2073 1356,2079 1386,2078"/>
                <TextEquiv>
                    <Unicode>Engel in xter Potenz! – Geradezu fa¬</Unicode>
                </TextEquiv>
            </TextLine>
            <TextLine id="l_9" custom="readingOrder {index:17;}">
                <Coords points="33,2186 197,2184 361,2270 548,2191 620,2237 819,2163 1333,2221 1332,2143 1240,2108 1159,2142 1090,2089 941,2128 548,2080 483,2114 410,2062 32,2071"/>
                <Baseline points="44,2172 99,2162 154,2160 209,2159 265,2156 320,2153 375,2154 431,2152 486,2152 541,2157 597,2158 652,2162 707,2162 762,2168 818,2162 873,2164 928,2167 984,2168 1039,2169 1094,2175 1150,2182 1166,2178 1194,2180 1222,2182 1251,2184 1279,2183 1307,2182 1336,2182"/>
                <TextEquiv>
                    <Unicode>belhaft finde ich es, daß sie die</Unicode>
                </TextEquiv>
            </TextLine>
            <TextEquiv>
                <Unicode></Unicode>
            </TextEquiv>
        </TextRegion>
    </Page>
</PcGts>
