6229 8497
4300 1211 4806 1339 Salzburg
4189 1314 4859 1469 Kapuzinerberg 5
4177 1481 5018 1713 6. Juli 1929.
1048 1925 3240 2162 Hochverehrter, lieber Herr Doktor!
1419 2329 5116 2538 Ich bin immer so erfreut, Ihre Schrift und Unterschrift zu
1058 2512 5153 2812 sehen. Eigentlich hatte ich im Stillen gehofft, Ihnen bei der Er¬
1046 2741 5094 2953 öffnung des Pen–Klubs in Wien zu begegnen, aber ich war nur zwei
1063 2952 5148 3236 Tage dort. Eine Hemmung, die ich selbst nicht zu erklären vermag,
1052 3194 5048 3350 hält mich seit Jahren von Wien und Berlin weg. Nur so ist es zu
1055 3398 4850 3647 erklären, dass ich es nicht wagte, mich bei Ihnen zu melden.
1424 3614 4976 3836 Roda Roda hat einen sehr richtigen Gedanken, wenn er die
1054 3769 5231 4057 Manuskripte entweder als ganze Sammlung oder in Serien versteigern
1068 4025 5141 4175 lassen will, denn es entstünden sonst leicht aus der Verschieden¬
1051 4201 5135 4466 heit der erzielten Preise Rivalitäten und die überflüssigsten Be¬
1063 4450 5204 4655 leidigungen. Legt er immer drei oder vier Manuskripte zusammen, so
1070 4624 4974 4875 kann jeder einzelne von den dreien oder vieren sich freundlich
1051 4827 5047 5044 einbilden, er sei das Haupt- und Kapitalstück gewesen. Während
1062 5064 4976 5329 in allen anderen Ländern die Manuskripte der lebenden Schrift¬
1049 5284 5200 5521 steller rasend teuer sind (ein Shaw oder Galsworthy Manuskript von
1061 5494 4918 5705 einigem Umfang würde nicht unter hunderttausend Mark zu haben
1049 5690 4804 5895 sein), pflegt Deutschland als Land der Historie nur die Ver¬
1050 5917 4897 6102 gangenheit und hat für gegenwärtige Autoren kaum nennenswerte
1053 6103 4952 6381 Preise. Immerhin schätze ich doch, dass ein solches, der deut¬
1052 6334 5002 6586 schen Literatur dauernd angehöriges Werk wie der »Grüne Kakadu«
1055 6551 5221 6733 mindestens selbst tausend Mark einbrächte, umso mehr, als ich mich
1031 6741 5172 6947 nicht erinnere, niejemals andere Arbeiten von Ihnen als Gedichte und
1057 6960 5147 7146 Briefe im »Handel« gesehen zu haben. Es muss aber auf jeden Fall –
1039 7186 4829 7386 und da hat Roda Roda ganz recht – eine Form gefunden werden,
