3981 6760
592 1163 3479 1377 möge er sich – aber nur die erste
642 1353 3605 1638 Zeile! – erfüllen. Ich hätte ihn rahmen
631 1674 3292 1898 lassen, wüsste ich, wie und wo Sie ihn
648 1754 3573 2105 placieren wollten: nehmen Sie ihn aber nun
672 2045 3604 2318 so als einen Dank für Vieles, für das
639 2266 3559 2529 Schöne, wdas ich von Ihnen mit vielen
672 2501 3415 2713 andern aus Ihren Büchern, für das
647 2680 3632 3010 Schöne, wdas ich von Ihnen allein durch
705 2912 3655 3212 Ihr Manuscript, Ihr Bild, vor allem aber
687 3203 3634 3481 manches gute Gespräch und Ihre Güte
678 3379 3449 3676 empfangen habe. In herzlicher Liebe
677 3590 2927 3895 und Verehrung Ihr getreuer
2139 4046 3400 4503 Stefan Zweig
