2315 1488
80 3 2235 170 schöne Zeit, die Sie zu so vielem Anderen hätten verwenden
69 124 2271 236 können, zur Anfertigung der graziösen Excerpte aus meinen
113 209 2148 368 Meisterwerken geopfert haben! Wie werde ich das vor der deut¬
58 288 2249 445 schen Literatur verantworten können? – Übrigens, verehrter
58 387 2255 588 Meister Anatol – Sie haben mir zu den Kopf gewaschen, daß
44 500 2153 623 mir alle Haarwurzeln weh thuen und, – – mit Recht!!! –
52 593 2266 758 Alle die Abscheulichkeiten, die ich verbrochen, haben Sie mir in
63 703 2235 884 einem so lieblichen Neben- und Nacheinander vor mein jetzt
66 799 2194 1005 gänzlich zerschmettertes literarisches Gewissen geführt – – –
77 901 2255 1120 mea culpa!– Eines aber freut mich riesig – dass No 1.
85 1005 2238 1192 (jetzt »Warten« früher »Blätter«) Ihnen nun doch ein wenig
85 1107 2241 1313 gefällt! Denn das ist die einzige Arbeit, an der mir et¬
85 1222 2192 1428 was liegt und auch – meine letzte!! Überhaupt finde
