3981 5871
442 964 975 1191 Wien 4
1237 913 2247 1181 Februar 1910
432 1434 2626 1755 Sehr verehrter Herr Doktor,
2576 1771 3536 2029 ich danke
588 2009 3427 2319 Ihnen viel – vielmals für das »Weite
597 2277 3475 2521 Land«, das ich natürlich sofort mit
576 2475 3590 2845 aller Ungeduld der Erwartung gelesen
580 2773 3618 3009 habe. Und freue mich, dass ich da kein
578 2948 3616 3298 Urteil habe sondern nur einen restlo¬
587 3138 3505 3457 sen und innigen Glückwunsch. Es ist
591 3424 3589 3757 wie eine Zusammenfassung Ihres gan¬
620 3616 3618 3929 zen Werkes in einen Rahmen, ungemein
641 3846 3518 4149 reich (erst beim zweiten Lesen tut sich
643 4060 3405 4357 einem die hinter das anscheinend Zu¬
651 4266 3594 4560 fällige versteckte Schönheit voll auf) und
655 4535 3592 4758 von einer süssen Reife, saftig und bunt
725 4694 3539 5018 – die schönste Frucht vielleicht aus
