6229 8497
1021 1670 5195 1979 welche die Spender wenigstens davor schützt, dass sie eine gewisse
1010 1942 4882 2192 öffentliche Unfreundlichkeit erleiden, indem ihre Manuskripte
1026 2192 5195 2380 keinen Käufer finden, was natürlich auf einem puren Zufall beruhen
1009 2348 4875 2630 kann. Aber Sie kennen ja die Zeitungen, die sich's nicht ver¬
1030 2611 4984 2811 kneifen werden, eine derartige Zufälligkeit literarisch zu kom¬
1015 2781 4824 3002 mentieren. Darum bin ich unbedingt gegen jede Vereinzelnung.
1394 2974 5062 3214 Sommerpläne habe ich noch gar keine, alles hängt davon ab,
1030 3253 5257 3518 ob ein Stück, das ich schrieb und mit dem ich fertig zu sein glaub¬
1027 3481 5091 3684 te, wirklich fertig wird, aber ich bin mit dem letzten Akt nicht
1043 3650 5117 3851 zufrieden und gebe es nicht aus der Hand, ehe nicht der bekannte
1028 3802 5237 4069 Engel eines neuen Einfalls erschienen ist, mit dem ich ringen kann.
1037 4037 5122 4289 Gerade weil mir das Stück wichtig ist, wäre es mir ein besonderes
1052 4236 5137 4550 Glück gewesen, Ihren Rat zu erbitten, und ein Gespräch hätte mich
1054 4503 5023 4676 unermesslich gefördert. Gerade iIn solchen Verlegenheiten zündet
1064 4674 5017 4884 oft ein einziges schöpferisches Wort. Vielleicht also winkt mir
1036 4863 5000 5140 die besondere Freude, Ihnen irgendwo zu begegnen. Ich will wohl
1029 5081 5150 5354 auch für einige Tage in die Schweiz oder wenn nicht dorthin, nach
1057 5295 4052 5516 Ferleiten oder einen anderen versteckteren Ort.
1404 5470 5088 5758 Bitte, wagen Sie eine Postkarte, ehe Sie abreisen, die mir
1052 5748 4960 5953 sagt, wohin Sie wandern; es wäre mir ein sehr tiefes und inner¬
1070 5914 5093 6161 liches Bedürfnis, mit Ihnen beisammen zu sein. So selten ich Sie
1055 6129 5270 6359 sehe, habe ich doch das Gefühl, Sie von Jahr zu Jahr besser zu ver¬
1058 6326 4831 6630 stehen und die Gewissheit, Sie noch immer inniger zu lieben.
3157 6541 4483 6800 Ihr getreu ergebener
4194 6961 5311 7355 Stefan Zweig
