3133 2392
104 48 2812 300 ich zu meinem großem Vergnügen, daß Sie alle die Arbeiten für die
78 185 3004 422 relativ besten erklären, die richtig jüngeres Datum tragen als die andern.
107 303 2942 481 Der Onkel, das Monstrum von Geschmacklosigkeit, ist aus dem Jahre 93 – sowie
56 407 2945 577 auch »Sie gähnt« ungefähr so alt ist. Was Sie von »Eile« schreiben, kann ich eigent¬
56 496 3023 699 lich nicht begreifen! Die zehn Skizzen und das Stück, sowie die »freien Rhyth¬
63 659 2819 796 men«, die Sie seinerzeit so wüthend gemacht haben, sind meine ganze
63 736 2712 888 gesammte Production von – 9 Jahren!! – Das ist doch nicht viel? –
100 836 2975 1003 Mir sind die alten Sachen zu in der Seele zuwider, daß ich am liebsten gar
81 944 2845 1088 nichts davon mehr wissen wollte – soll ich da wirklich noch lange in dem
67 1025 2990 1180 alten Kehricht herumstöbern? – Wenn ich nicht müsste – so ließe ich sie wirk¬
52 1158 3012 1269 lich nicht aus Tageslicht – doch so? – Ich werde die Blößen der armen Kinder
70 1258 2967 1354 nothdürftig bedecken, so von oben auf nach Ihren Angaben und dann –
78 1339 2990 1469 fort mit Schaden – ! Für die Zukunft verspreche und gelobe ich, nach Ihren
89 1465 2893 1624 Directiven anständig und ehrlich zu arbeiten, nichts mehr zu schleudern,
85 1458 3012 1672 und im übrigen auf mein Talent, das Sie ja »mit einem heitern, einem nassen
63 1635 1236 1820 Auge« anerkennen, zu bauen. – – –
144 1680 2875 1913 Darf ich mir die Anfrage gestatten, was ich nun betreffs Director Brahm
78 1820 2960 2009 thun soll? – ihm ein Abschrift meines Stückes senden mit gleichzeitiger Bezug¬
74 1950 2864 2102 nahme auf Sie, verehrter Meister? – – – Oder erst nach eventueller
52 2061 1443 2231 Antwort diesbezüglich von dort an Sie? – –
422 2079 2868 2338 Mit Dank und Verehrung grüßt Elsa Plessner
