1648 2584
144 172 1392 413 Wien I. Bäckerstraße No 1
701 369 1364 540 den 28.9.96
189 547 1239 782 Verehrter Herr Doctor!
515 765 1498 1007 Den Empfang Ihrer liebenswür¬
121 932 1576 1151 digen Zeilen vom 22. d. bestätigend,
76 1074 1513 1290 erlaube ich mir die höfl. Mitthei-
64 1227 623 1367 lung, dass ich im Sinne Ihres
85 1331 1449 1509 Briefes mein Stück an Director
123 1456 1532 1625 Brahm abgesandt habe in Beglei¬
85 1579 1386 1837 tung einiger Zeilen, worin ich
68 1737 1470 1964 mich auf Ihr Schreiben an ihn
51 1871 1568 2098 berief. – .. Jetzt möchte ich nur
55 2024 1318 2214 einen Schimmer Glück!!! –
66 2108 1267 2341 Nochmals – innigen Dank!
142 2206 1301 2492 Mit alter Verehrung grüsst
854 2344 1492 2583 Elsa Plessner
