3981 5871
453 920 3542 1230 Ihrem Garten, wie wundervoll, dass Sie
499 1175 3520 1434 in einem Alter, wo andere sich schon
534 1397 3563 1659 zu wiederholen beginnen, erst alles Frü¬
544 1664 3547 1935 here in einer neuen Zusammenfassung
545 1859 3599 2072 übertreffen, wie tröstend für uns Jünge­¬
542 2076 3590 2324 re, wie herrlich ermutigend! Nun haben
559 2277 3409 2501 Sie mir die Ungeduld genommen, es
590 2468 3534 2724 kennen zu lernen und schon habe ich
585 2695 3431 2976 eine neue: es bald auf der Bühne zu
590 2902 3574 3211 sein. Ich weiss es wird ein Triumph
611 3156 1270 3408 werden!
1073 3329 3611 3658 Morgen komme ich ins Volks¬
637 3592 3592 3886 heim und bin schon in freudiger Neu¬
672 3863 3591 4077 gierde erregt, Ihre Frau Gemahlin sin-
693 4035 3539 4352 gen zu hören. All meine guten Grüsse
716 4272 2747 4554 voraus. In Treue ergebe
1843 4525 2159 4901 Ihr
2351 4729 3514 5094 Stefan Zweig
