6330 8475
4259 1141 4798 1298 Salzburg
4225 1270 4838 1478 Kapuzinerberg 5
4394 1416 5411 1731 2. November 1929.
2388 1933 4298 2248 Lieber, verehrter Herr Doktor!
2090 2483 5484 2770 Ich nütze jede Gelegenheit gern, mich an Sie zu wenden
1141 2703 5298 2882 und die vorliegende ist ein Brief von Herrn A. del Vayo, (dem Leiter
1141 2916 5242 3169 des Verlags Editorial Espana, Madrid, Palicio de la Prensa, Plaza
1146 3040 5579 3382 del Callao 4), der sich bei mir beklagt, dass er an Fischer wegen des Ueber¬
1163 3315 5636 3607 setzungsrechts ihrer »Therese« geschrieben habe, ohne aber eine Antwort zu er¬
1152 3500 5664 3703 halten. Er lässt Sie nun durch mich bitten, erstlich, dass Sie dort nach¬
1146 3697 5630 3967 fragen mögen, zweitens, ob Sie ihm bald etwas Neues von sich in Aussicht
1152 3928 5624 4197 stellen könnten. Ich kenne ihn persönlich und die geschäftlichen Bezie¬
1141 4141 4664 4439 hungen zu dem Verlage sind durchaus angenehm und korrekt.
2068 4371 5433 4630 Noch in den nächsten Tagen grüsst Sie ein kleines Buch
1146 4540 5439 4753 Erzählungen von mir und hoffentlich habe ich endlich Gelegenheit, bei
1141 4770 5591 5023 Ihnen vorzusprechen. Mein letzter Aufenthalt in Wien war furchtbar über¬
1141 4956 5473 5192 hetzt und als ich endlich bei Berta Zuckerkandl Ihre geheime Telefon–
1124 5186 5450 5490 Nummer auskundschaftete und Sie anrief, meldete sich an jenem Sonntag
1118 5327 2911 5641 Nachmittag niemand bei Ihnen
2051 5506 4737 5855 In alter Herzlichkeit und Verehrung ergeben
4321 5804 4562 6091 Ihr
4248 6079 5608 6445 Stefan Zweig
1107 6310 2736 6546 Herrn Dr. Artur Schnitzler
1113 6433 1573 6625 Wien
1096 6602 1669 6905 1 Beilage
