1742 2057
95 18 1606 429 I. Bäckerstrasse No 1. den 17.10.96.
210 405 1430 694 Hochverehrter Herr Doctor!
195 643 1512 873 Gestern Abends beim Dönmann-¬
99 801 1643 1017 Premièrenfeste erfuhr ich von Herrn
80 967 1614 1193 Dr. Leo Hirschfeld, dass Director
123 1124 1598 1358 Brahm sich in Wien befindet.
131 1284 1430 1436 Sie können sich denken, wie
55 1423 1619 1668 erstaunt und erfreut ich war, denn
70 1547 1534 1814 ich ventilirte mit Mama bereits
82 1711 1627 1990 die Frage einer kurzen Reise nach
