6330 8475
4435 1215 4866 1348 Salzburg
4210 1194 4908 1482 Kapuzinerberg 5
4296 1470 5389 1681 6. November 1929.
3231 2094 4279 2321 Lieber, verehrter Herr Doktor!
2045 2580 5649 2834 Ueber meine Vereinbarungen mit Spanien kann ich Sie genau
987 2826 5564 3008 informieren: ich habe meinen »Fouché« an A. del Vayos Verlag zu 7 % ver¬
991 3008 5483 3277 geben mit einem à valoir von 1000 frz. Frs., die Sie sofort ausbezahlten,
984 3148 5198 3474 und Sie werden sicherlich zumindest dieselben Bedingungen bekommen.
2036 3411 5317 3624 Dass man in Paris im Kino eine Novelle von mir Ihnen
995 3672 5271 3814 zugeschrieben hat, betrachte ich als eine hohe Ehre. Die Leute werfen
973 3799 5273 4061 dort alles auf das rührendste durcheinander. Uebrigens ist »Fräulein
990 3997 5330 4297 Else« dort ein grosser Erfolg, Stock bringt, wie ich höre, eine neue
1043 4229 5207 4500 Auflage und erwartet sich sehr viel, wenn der Film abrollt. Wichtig
996 4453 5391 4639 ist nur, einmal in Paris ein Theaterstück durchzusetzen. Man ist jetzt
979 4670 5437 4910 in Frankreich dem Ausländer viel offener als vordem und, während Oester¬
989 4840 5395 5088 reich herrlich in die Alpenländerei hineinmarschiert, beginnt dort der
999 5059 5479 5337 europäische Gedanke immer selbstverständlicher zu werden. Ich habe mich
976 5293 5280 5523 in Paris ungemein wohl gefühlt und wundere mich eigentlich, dass Sie
985 5475 5375 5739 sich niemals entschlossen haben, einmal dort einen Wintermonat zu ver¬
987 5730 5473 5928 bringen. Viele Freunde Ihrer Bücher erwarten Sie und besonders Frédéric
965 5887 3104 6122 Lefèvre mit seinen »heures avec ....«
1774 6099 2601 6328 Getreulichst
4160 6324 4400 6540 Ihr
3756 6676 5088 7128 Stefan Zweig
983 6669 2725 6931 Herrn Dr. Arthur Schnitzler
965 6859 1441 7039 Wien
