1987 1666
255 0 1755 268 Berlin. Da Sie mir einmal den
224 171 1775 381 keinen Finger gereicht haben, so
133 297 1707 558 bitte ich Sie, jetzt, falls Sie meine
104 441 1839 700 Arbeit dessen würdig erachten, Ihre
100 594 1822 858 ganze, vielvermögende Hand dabei
117 734 1899 973 ins Spiel zu bringen und mir mitzu¬
155 873 1859 1077 theilen, ob und wie ich mit Herrn
173 1015 1813 1250 Director Brahm diesbezüglich (meiner Arbeit) mich
115 1150 1864 1387 in D directes Einvernehmen setzen soll.
135 1288 1675 1547 Sie sind doch einmal der gute Geist –
