6101 5102
3505 1190 3970 1269 Kapuzinerberg 5
3666 1191 5291 1416 SALZBURG, am 2. April 1930.
2144 1442 3807 1703 Sehr verehrter Herr Doktor!
1394 1846 5434 2140 Ich bin nicht Besitzer Ihrer geheimen Telefonnummer, vielleicht
1019 2133 5378 2346 sind Sie so lieb, sie meiner Wiener Adresse (IX., Garnisongasse 10,
1019 2306 5493 2495 Tel.Nr. A 26-0-57 ) anzuvertrauen und mir zu sagen, wann ich Sie wieder
1024 2514 5433 2776 einmal sehen dürfte; ich bin endlich wieder einmal eine Woche in Wien,
1002 2721 3357 2938 um ein wenig die Proben mitanzusehen.
3560 2843 4590 3146 Ihr immer getreuer
4291 3645 5443 3694 Stefan Zweig
1003 3272 2684 3477 Herrn Dr. Artur Schnitzler
1259 3425 2290 3664 Wien, XVIII.
