3534 2054
114 74 3405 478 der liebe Herrgott muss sich noch viel mehr Bitten gefallen lassen!
151 262 3192 552 Von Dankbarkeit und s. w. will und kann ich Ihnen nicht
127 486 3311 736 reden, weil wir doch Beide wißen, was dran ist – aber
94 670 3307 895 wenn ich auch nicht rede – Sie werden sehen – – !! Wirklich!
172 777 3229 1087 Verehrter, einziger Herr Doctor, wenn Sie mir den Herrn
188 981 3274 1304 Director auf 45 1 Stunde festnageln könnten, daß ich
127 1124 3307 1418 ihm mein Stück vorlese – –  wenn Sie das thun würden!!
233 1292 3094 1647 Geht’s? – Sie haben doch so viel Enfluß!! – Bitte!
74 1435 3282 1799 N.B. Ohne Unbescheidenheit. Ich soll gut vorlesen wie man sagt!
327 1606 3049 1937 Bitte um Nachricht! – Sans phrase in Ewigkeit ergenbe
2170 1807 2743 2052 Elsa Plessner
