1868 2263
149 4 1788 280 Meran, Pension Wolf, den 1. December 1896
86 239 1158 403 Motto: »Unverschämt! – Was? – « (?)
293 313 1652 625 Hochverehrter Herr Doctor!
222 530 1762 802 Beifolgenden Brief erhielt ich – gestern
22 712 1695 923 von meiner Mama zugesendet, nachdem sie
47 822 1667 1020 ihn vierzehn Tage lang aus »Rücksicht für
43 966 1703 1167 meinen Gesundheitszustand« und zu dessen
78 1074 1609 1285 Schonung zurückbehalten hat und erst
60 1205 1723 1395 auf die Erwähnung meinerseits dort (B) noch¬
2 1324 1734 1516 mals angefragt zu haben hat sie veranlasst,
47 1449 1701 1609 ihn herauszugeben. Die »Schonung«, an und für
41 1555 1686 1770 sich überflüssig, ist in diesem Fall gar nicht
39 1688 1757 1919 angebracht, denn ich habe ja dieses Resul¬
54 1796 1716 2025 tat täglich erwartet und das sage ich ganz
63 1915 1587 2154 ehrlich!! – Sie wissen ja! – Die Pille, so
