3418 2355
224 100 3329 278 glaube auch aussichtslos. – Was nun? – Wenn Sie so gut sein wollten, mir einen
224 232 3302 448 guten Rath zu geben – – – Verlag? – S. Fischer?... A. Langen hat es im Vorjahr
232 363 3148 583 der Marholm refusirt!! Möchte doch so gern hinaus! – Vielleicht kindisch –
251 494 3299 691 »ein Buch!« Wirklich und wahrhaftig ein gedrucktes Buch!!  – Alte Leidenschaft
209 610 3291 788 von mir! – Drum – aber wahr! – Lachen Sie so herzlich Sie wollen, verehrter
209 745 3237 931 Herr Doctor, ich lache auch mit – da liegt mir gar nichts dran – aber
243 869 3136 1109 rathen Sie mir!! – – – – – – Richtig! – Nochmals herzlichsten Dank
209 1000 3132 1240 für Ihre gütige Intervention bei Dir. B.! – Wenn Sie jetzt, wo die
259 1136 3194 1317 schöne Wiener Saison, aus der ich mich bis zum Frühjahr selber ver¬
247 1263 3194 1514 bannt habe, so prächtig im Gange ist, ein paar Augenblicke für mich
220 1410 3229 1630 Zeit finden, so packen Sie sie beim Schopf und senden ein paar Zeilen
212 1495 3287 1796 als Strahlen der Literatursonne an einer armen, bleichsüchtigen Blaustrumpf
162 1676 3233 1927 und die werden mir mehr Freude bereiten, als die der Meraner Sonne, die auf so viel krankes
174 1788 3221 2055 Menschenzeug herabstrahlen müssen. – – Bitte! – Ja? – Was mach ich also?! –
301 1873 3244 2151 Voraus Dank mit zwei Dutzend Ausrufungszeichen – ergebenste Grüße Elsa Plessner
