1755 2291
114 126 1719 311 Meran, Pension Wolf, den 23. Dez. 1896.
1200 257 1665 417 ½ 12 Uhr Nachts
439 325 1326 624 Verehrter Herr Doctor!! – –
136 524 1693 742 Hallelujah!! – Mit denselben Tinten¬
96 696 1603 905 tropfen, mit welchem ich das Wort »Ende«
54 819 1565 1013 unter mein neues Stück soeben gesetzt
56 953 1557 1160 habe – erhalten Sie diese Zeilen ge¬
68 1059 1621 1278 schmiert – was Sie mir mit Rücksicht
48 1190 1531 1374 auf diese, Ihnen bekannte Stimmung
74 1316 1463 1489 verzeihen werden – . (Einen Styl – – was? !!?)
54 1426 1545 1703 Aber das macht nichts!! - Ich freue
12 1593 1627 1852 mich – denn »Orchideen« Schauspiel in
26 1687 1539 1974 3 Acten, ist mir gelungen – oder ich
32 1814 1487 2060 heiße Eugenie Marlitt!! – Sie
24 1966 616 2189 erhalten es, sobald Feile und Abschrift
