3530 5347
366 957 1300 1193 VIII. Kochgasse 8
630 1511 2626 1783 Sehr verehrter Herr Doktor,
2544 1906 2980 2104 meine
607 2069 3076 2290 Amerikareise und dann eine ärger¬
617 2305 3096 2535 liche langwierige kleine Operation hat
631 2541 3148 2706 mir lange das Vergnügen genommen,
604 2705 3196 2967 Sie und Ihre verehrte Frau Gemahlin
636 2948 3121 3129 sehen zu können. Jetzt aber wäre ich
635 3123 3104 3337 sehr froh, wollten Sie mich es ein
649 3320 3130 3544 mal wissen lassen, wenn Sie einen
645 3527 3148 3781 Abend im freien verbringen und ich
666 3691 2997 3941 mich, ohne zu stören, anschliessen
649 3915 3202 4091 dürfte. Mit vielen herzlichen Grüssen
676 4120 2684 4307 und in getreuer Ergebenheit
1948 4400 3027 4770 Stefan Zweig
