2274 1681
130 15 2164 236 hinter mir, zur gütigen Durchsicht: – Es ist
135 155 2133 358 ein unerbittliches Stück, von dramatischer Wucht
158 270 2057 516 das ist Thatsache – lachen Sie nicht – bitte) und
127 381 2171 590 wie ich glaube echter Tragik! – Thatsache – blos –
127 521 2128 760 ich habe alles zusammengekratzt, was ich an Kön¬
104 641 2141 852 nen und künstlerischem Wollen besitze – und auch die
94 758 2092 953 negativen Erfahrungen des »Heimweh« haben mir genützt –
92 854 2118 1070 und mein zweites Stück, fast 2 Jahre nach dem ersten
76 976 2037 1164 entstanden muß aufführbar sein – sonst kann ich
94 1091 2108 1292 die Kratzerei an den Nagel hängen!! – Wenn Alles
99 1213 2057 1393 was ich besitze nicht genug ist – – – ! – Tausend
114 1309 2082 1541 herzlichen Dank für Ihre reizenden Zeilen, die mir
127 1416 2103 1625 mitten in meiner Arbeit ein lieber, anfeuernder Gruß
