3522 2457
191 203 3406 435 erschienen! – – – Das Scenarium und die Disposition habe - 5 mal geschmissen
187 399 3385 521 und von Grund wieder aufgebaut – na – wie steh ich da? – Freilich – wenn es Glück
187 480 3426 623 haben sollte – und warum soll eine blinde Henne wie ich, nicht einmal ein Körnchen
216 594 3450 753 finden – würde das Publikum, sagen »Arche (arge) Ideen« hat E. P. – (»Witze thu ich
187 728 3422 875 auch machen«!!) – – Aber gearbeitet habe ich – wie ein Holzknecht!! – Auch à la Pe¬
163 814 3385 952 nelope, denn sehr oft Morgens verbrannt, was Abends geschrieben!! – – Wenn das meine Ärzte
146 936 3418 1074 wüssten, die meine »Nerven« nach Meran geschickt haben – – Entre nous! – Besser sind
167 1054 3361 1249 freilich die hohen Herschaften dadurch nicht geworden – – Aber dafür hole ich es jetzt
159 1147 3137 1351 nach und lege mir ein paar Kurkilogramme zu! – Aber der Schnee! –
175 1322 3426 1489 Und die!! – Hundekälte –! Auf meinem Südbalcon kann ich Schlittschuh
175 1424 3092 1676 laufen!! – – – – Merry Christmas and new years (100) and all the
260 1538 3003 1843 holidays!!! – Gratulire »Freiwild« – Breslau. Fräulein Ginzberg
163 1668 1953 1953 gesehen? – »Süsses Mädel«
1973 1794 3129 2075 Hochachtungsvoll Grüße
1774 2055 1990 2226 your
2270 2018 2958 2258 Elsa Plessner
2197 2217 2909 2388 (a little foolish)
