3884 6802
1941 1236 2758 1437 VIII. Kochgasse 8
2837 1210 3470 1530 Wien
2222 1414 2482 1534 Samstag
797 2209 3293 2539 Lieber, verehrter Herr Doktor,
843 2614 3469 2816 hier sende ich Ihnen mein neues
825 2870 3381 3139 Stück und danke Ihnen innig
852 3118 3498 3420 im voraus für die Mühe der Lec¬
852 3382 3410 3664 türe. Ehe es die leidige Wander¬
847 3630 3244 3854 schaft zu den Theatern antritt,
852 3857 3530 4122 möge es nun bei Ihnen eine gute
904 4139 3504 4359 Stunde haben und Ihnen den xxge-
896 4347 3429 4642 xxxxtreuen Gruss überbringen
1405 4598 2994 4897 Ihres aufrichtigen
2235 5013 3542 5507 Stefan Zweig
367 5596 3027 5832 Ich lasse es sobald Sie es gelesen haben
422 5828 2993 6011 von Ihnen abholen, damit Sie nicht die
472 5954 2279 6182 Plage der Rücksendung haben.
