1858 2297
97 43 1430 289 Meran, Pension Wolf, den 29.12. 96.
293 278 1316 520 Hochverehrter Herr Doctor!
147 447 1575 647 Anbei »Orchideen«. Erschrecken Sie
78 583 1691 824 bitte nicht über die Dampfgeschwindigkeit,
108 740 1629 921 mit der ich Sie überfalle. Nämlich
97 889 1640 1124 ich dachte so: »Ist das Stück in der
71 1033 1614 1254 Anlage verhauen, so nützt keine Feile
121 1182 1687 1415 was, ist es aber gut, so können Sie sich
56 1301 1609 1530 die Feile hinzudenken«. Also nehme ich
95 1405 1748 1679 keinen Anstand, es Ihnen noch in einem noch
84 1601 1657 1847 wenig verfeinerten, ersten Justzustand zu
54 1743 1769 1950 übersenden mit der Bitte um strenges Gericht.
69 1875 1728 2058 das Sie vielleicht durch Roth oder Blaustift
71 2006 1638 2211 in den Text hinein bemerkbar machen
