2370 1813
110 11 2135 291 zu wollen, so gut sind!! – Erschrecken Sie, bitte
145 175 2262 423 nicht, wenn Sie den Lieutenant sehen — kein Bösewicht
140 318 2170 522 x.ter Auflage – . Die mit Bleistift notirte Rollenbesetzung
151 444 2256 703 ist natürlich nur dazu da, Sie ein bisschen im vorhinein über
116 568 2262 821 die Figuren zu orientiren – – ! – Die Grundidee meines Stückes
127 722 2270 932 ist mir eigentlich gekommen durch die Töchter des Servius Tullus –
148 827 2254 1053 und das sage ich Ihnen nur, weil ich nicht will, daß Sie an
132 950 2251 1158 etwas anderes denken, was Sie auch im Beginn gewiss thun
151 1058 2186 1295 werden. – Aber Sie werden ja sehen, wie verschieden
127 1190 2197 1384 es nachher wird!! – Über dem ganzen Stück schwebt –
132 1335 2211 1551 als unausgesprochenes »Sesam« ein Wort, das ich jedoch
116 1478 2275 1718 nirgends gebraucht habe! – Ich glaube, es wird auch
