3515 2456
216 168 3363 460 Ihnen auf die Lippen treten. – Zum Schluß bitte ich Sie noch um Entschuldi¬
152 348 3287 584 gung, wegen der mangelhaften äußeren Form des Manuscriptes – war in der
156 508 3175 744 Schnelligkeit nicht anders möglich – und Geduld habe ich keine mehr! –
232 628 3335 912 So, jetzt wissen Sie alles, was ich auf dem Herzen habe – (d. h. diesbezüg¬
216 836 3275 1028 lich) und somit empfehle ich die »Orchideen« allen neun Musen und Ihrer
324 964 3347 1232 Huld – – bitte! – bitte ! – bitte!!!! – lassen Sie mich nicht zu
192 1152 3295 1388 lange zappeln – aus Gesundheitsrücksichten für mich und meine »Nerven«,
196 1348 3255 1584 die sich in einem pitoyablen Zustand befinden!! – wirklich! – Ich gebe
184 1460 3355 1755 Ihnen die notariell beglaubigte Versicherung, daß ich bis zum Eintreffen Ihrer Meinungsabgabe
212 1635 3379 1887 keine geruhsame Nacht mehr erleben werde – und ob das recht viele sein werden, hängt
224 1759 3367 2023 von Ihrer Güte ab!! – – Die Sonne scheint jetzt wieder 25 Celsiusgrädig auf meinen
156 1895 3379 2179 Schreibtisch – d. h. spazieren gehen – also – – schließt mit hochachtungsvoller
956 2043 3291 2331 Ergebenheit und herzlichen Grüßen von der Frau Sonne und besten
1815 2215 2103 2323 von mir
2515 2195 3087 2427 Elsa Plessner
