2803 4771
348 861 2281 1107 er ist sehr tüchtig und hat auch
397 1009 2281 1296 die nötigen Verbindungen mit
386 1206 2427 1386 den Theatern. Es  ist mir leid, dass ich
403 1329 2463 1633 über den Berliner Erfolg Ihrer Frau
406 1566 2449 1737 Gemahlin nicht mehr hören kann,
405 1711 2301 1989 hoffentlich dann bald in Wien!
441 1914 1999 2153 In Treue Ihr ergebener
1677 2200 2288 2455 Stefan Zweig
496 4168 1813 4200 175 Paris. – La Place de la Bastille. – LL.
