5968 7796
3622 1152 4457 1408 VIII. Kochgasse 8
3904 1343 4201 1498 Wien,
4515 1119 5522 1576 27. Oct. 11.
1110 2136 5185 2470 Sehr verehrter Herr Doktor, für das Gautier
1204 2432 5259 2742 Denkmal habe ich gar nichts gezeichnet, son¬
1168 2672 5369 3049 dern nur unterzeichnet, weil ich nicht glaube, dass
1230 2943 5363 3276 sich in Frankreich drei Francs für ein deutsches Hebbel oder
1210 3235 5377 3634 Kleist­-Denkmal zusam̄enfinden würden. Frankreich
1250 3475 3715 3786 braucht uns wahrhaftig nicht.
1232 3769 5436 4037 Noch eines: ich bitte Sie, officiell von meiner Mit¬
1296 3938 5528 4273 teitung wegen Ihres Buches bei Fischer nichts zu wissen.
1278 4209 5380 4505 Ich hatte nur eine Art Schuldgefühl, dass ich selbst
1257 4402 5444 4775 dieses Buch nicht übernahm (ich stecke in einer Ar¬
1264 4608 5178 4973 beit, fühle mich übrigens nicht ganz zulänglich)
1254 4925 5411 5200 und suchte dies zu tilgen, indem ich den empfahl,
1254 5126 5286 5433 der mir der Beste dünkte: Auernheimer. Ich hoffe,
1255 5346 5300 5670 es wird bald zustandekommen. Auch die Feier
1259 5582 4943 5839 der fünfzigjährigen wird organisiert werden.
1266 5769 5324 6141 Ich bin Ende November wieder in Wien und
1253 6037 5474 6370 freue mich dann innig, mich bei Ihnen wieder
1248 6239 5454 6572 anmelden zu können. Viele Grüsse Ihrer verehrten
1280 6500 4299 6845 Frau Gemahlin von Ihrem getreuen
4215 6792 5524 7220 Stefan Zweig
315 6752 3784 7048 Mein »Haus am Meer« findet qute Freunde. Ein paar
291 7011 3812 7201 der gossen Bühnen sind mir schon so viel wie sicher!
