1792 2284
155 98 1494 341 Meran, Pension Wolf, den 9.1.97.
343 281 1435 500 Hochverehrter Herr Doctor!
106 452 1614 691 Herzlichen Dank für Ihre freudli¬
84 586 1666 799 chen Zeilen. Sie sagen mir nichts über¬
86 731 1640 915 schendes. Eine halbe Stunde nachdem die
76 837 1608 1032 Arbeit an Sie abgeschickt war, habe ich
94 970 1614 1150 es auch schon selber gewusst: – Wenn
90 1072 1644 1253 ich aufrichtig sein soll – im Schreiben
70 1176 1628 1407 selbst hat mein Gewissen »veto« geschrien.
74 1305 1606 1498 Aber ich schrie noch lauter – vide 2 Brie¬
54 1387 1498 1594 fe an Sie! – Na – passé! – – Daß
74 1540 1654 1753 es rapid abwärts ging, habe ich im letzten
78 1646 1642 1883 Jahr genug oft bemerkt, nachdem ich kaum
46 1771 1622 1979 ein bißchen hinaufgekommen war, daß
26 1893 1592 2132 ich fertig bin, total fertig, weiß ich
