2339 1685
124 30 2066 336 seit einem halben Jahr – also Ihr Urtheil über
154 159 2120 431 »Orchideen« nur das Siegel auf der Urkunde!
174 291 2061 602 Ich habe mich an die Arbeit »Orch.« geklammert – denn
87 438 2076 747 ich dachte entweder – oder! – Aber es ist – oder!
117 570 2071 819 Und das ist mir nicht neu! – Ich sehe es ja auch
72 712 2083 1023 ganz deutlich ein und weiß trotzdem Sie daran
105 859 1886 1122 zweifeln, wie recht Sie haben! – Also
50 983 1946 1302 lassen wir die Tinte – ! Es kommt
167 1187 2071 1558 für mich nichts dabei heraus – das weiß
142 1516 1921 1658 ich auch besser wie Sie – wenn Sie
