3953 6969
977 1158 1511 1251 Zweig
1874 1280 2691 1485 VIII. Kochgasse 8
2136 1438 2424 1591 Wien,
2708 1247 3531 1586 2. Nov 12
543 1753 3070 2071 Verehrter lieber Herr Doktor,
610 2103 3477 2451 mit ungemeiner Freude habe ich
613 2405 3525 2698 Ihren »Professor Bernhardi« empfan¬
627 2662 3548 3033 gen, mit Leidenschaft ihn sofort gelesen
640 3020 3528 3335 und eigentlich noch immer nicht aus
642 3299 3309 3507 der Hand gelegt, wiewohl ich schon
676 3504 3487 3825 längst bei der letzten Seite war und
679 3798 3571 4073 wieder mitten darin und wieder am
705 4047 3492 4339 Ende. Aber es ist ja unsere engste
687 4302 3466 4620 Welt, die sich hier auftut, weit frei-
654 4569 3409 4863 lich, unendlich weit, bis man den
703 4786 3546 5142 Himmel der grossen seelischen Gerechtig¬
709 5027 3485 5373 keit über ihr mit allen guten Sternen
672 5287 3474 5564 sieht. Ich weiss nicht, ob ich Ihnen
691 5537 3482 5813 etwas Liebes damit sage, aber meine
670 5797 3522 6115 Empfindung will doch aufrichtig sein:
