3683 2238
102 21 3487 353 mich auch, gut wie Sie sind, mit einem talentirten Schüler verglei¬
119 264 3538 451 chen! – Ich weist ja auch, woher das kommt und Sie können
196 425 3598 697 es nicht wissen – Das ist eine Wurzelkrankheit bei mir! Darum
162 595 2930 808 lanter, mißlungene Blüten! – Und da hilft nichts!
242 740 3432 1089 Also nochmals herzlichen, herzlichen Dank für Ihre Geduld
234 944 3449 1199 und Güte! – Besser machen können Sie freilich nichts, als es
213 1157 3211 1420 ist! – Darum werde ich Sie auch in Zukunft verschonen –
200 1301 3538 1629 und sehen, wies ohne Feder geht. Herzlichen innigen Dank!
2415 1578 3070 1905 Elsa Plessner
