3953 6969
408 903 3394 1158 ich spürte im ersten Lesen gar nicht
479 1173 3548 1453 mehr, dass dies ein Drama ist, ein Theater¬
481 1451 3485 1723 stück, ein Künstwerk, ich spürte nur le¬
492 1703 3436 2021 bendigstes Leben, das mich ergriff wie
504 1958 3567 2252 ein fait divers der Zeitung, ein politischer
515 2252 3494 2563 Fall, spürte erst mir menschliche Empö¬
540 2486 3466 2779 rung, Freude, Hass und Liebe. Dann
576 2761 3395 2996 später erst kam das Besinnen, dass
558 2986 3404 3295 dies Gestaltetes, Verwandeltes, Kunst¬
558 3256 3464 3595 werk und nicht unmittelbares Leben
535 3556 3369 3792 ist. Und noch immer habe ich noch
553 3773 3372 4027 keine Ruhe, um den Bernhardi als
528 4034 3458 4327 Kunstwerk oder gar auf den Theaterer¬
575 4261 3511 4619 folg hin betrachten zu können, ich bin
572 4599 3364 4867 zu passioniert davon, zu sehr mit
542 4842 3399 5155 Sympathie und Zorn gegen und für
593 5081 3422 5418 seine so herrlich lebendigen, so atem¬
585 5359 3280 5609 nahen Menschen. Nostra ipsissima
552 5567 3570 5907 res agitur – ich spür es zu sehr und
