1741 2334
112 98 1223 301 Meran, Pension Wolf, den 13.1.97.
189 262 1354 521 Verehrter, lieber, guter Herr Doctor!
143 469 1613 656 Haben Sie Sünden? – Wenn ja, nun so er¬
89 583 1592 779 kläre ich, dass sie Ihnen in Bausch und Bogen
52 710 1622 897 verziehen sind – blos um des guten Werkes willen,
2 824 1673 1003 das Sie an mir thun! – – Ohne Scherz – ich kann Ihnen
6 911 1649 1109 das wirklich nie danken, wüsste auch nicht wie –
23 1030 1626 1227 was Sie mir durch Ihren Rath und Ihre beispiellose
106 1148 1640 1323 Theilnahme für meine literarischen Schmerzen
23 1252 1640 1424 an Güte und Liebenswürdigkeit zuwenden. – – –
106 1368 1628 1543 Aber dass ich an mangelnder Einsicht in das Wesen
29 1476 1632 1680 meiner eigenen Entwicklung leide ist leider nicht
25 1565 1661 1757 richtig. Zum unglück kenne ich mich so genau
29 1694 1632 1827 wie ich – z. B. Ihren Anatol kenne! – Ich weiß es
27 1802 1649 1966 ganz genau, dass ich an eine gewisse Grenze gekommen
60 1900 1617 2105 bin – etwas, das »Halt« ruft – . Ich bin so
56 2024 1545 2222 furchtbar leer – wie eine alte Erbsenhülse
