3953 6969
464 901 3491 1168 kann gar nicht recht heraus, mir’s
475 1176 3411 1452 zu betrachten, so sehr bin ich darin.
511 1436 3511 1730 Jedesfalls: Sie haben nie eine grössere
512 1684 3541 1961 Scene geschrieben als die im vierten Alt
499 1952 3571 2267 zwischen dem Geistlichen und Bernhardi,
492 2251 3534 2463 es ist die Grossinquisitorscene Ihres dra¬
516 2457 3565 2759 matischen Werks, ganz weit blickend, hart
525 2702 3589 2928 und doch voll Güte, gross in jedem, im
511 2960 3522 3221 menschlichen, im künstlerischen Sinn.
519 3232 3545 3433 Nie waren Ihre Menschen lebendiger, nie
538 3425 3579 3756 Sie selbst dichterisch so weit, das spüre
555 3696 3521 4023 ich mit Beglückung und – verzei¬
516 3941 3553 4301 hen Sie! – mit Stolz, denn man darf
526 4209 3450 4463 doch niemandem versagen, auf die
539 4463 2983 4731 stolz zu sein, die man liebt.
553 4712 3451 5050 Dramaturgisch den Bernhardi zu
610 5007 3360 5257 betrachten, vermag ich noch nicht,
597 5261 3403 5569 ich sagte es ja, er ist noch zu heiß
555 5514 3440 5797 in mir. Aber ich weiß, solchen letzten
570 5760 3550 6034 menschlichen Entäußerungen kann nie
