2325 1711
118 5 2190 187 ich habe nichts mehr zu geben – und das ist auch gar nicht zu ver¬
107 104 2008 284 wundern. Ich – als Künstlerin, kann nur etwas sein, wenn
126 201 2107 383 subjectiv bin – darum kann mir das Sehen und Denken allein nicht viel
99 286 2174 474 bringen. Sie haben ganz recht – ich müsste was sein – aber ich
104 380 2064 581 bin eben nichts. Mein Leben in Ordnung bringen – ? – Das ist so
96 487 2212 677 hin gesagt – und Sie können ja auch! –Sie gehen und packen mit
78 584 2158 774 zwei Händen was sich packen lässt – Sie holen sich, was Sie
107 683 2212 878 brauchen! Aber ich? – Ich muss warten bis gnädig etwas zu mir
120 819 2185 969 kommt – das kann ich dann höchstens kritisieren! – Das hab' ich auch
99 884 2147 1063 bis jetzt gethan – alle meine Versuche in der Kunst waren nichts als
83 975 2230 1133 an »Nein« sagen! Vielleicht entsinnen sich? Aber damit kommt man
80 1100 2190 1242 nur kurze Zeit aus. Jetzt endlich hab ich das Brünnlein ausge¬
75 1157 2209 1328 schöpft, mein bißchen Fond verbraucht – aber Neues ist nicht hin¬
72 1291 2220 1467 zugekommen! – Und das ist es! – Variationen auf der G Saite fabri¬
32 1360 2179 1580 ciereren? – Ich nicht! – Auch finde ich nicht mehr zurück. Bis
75 1467 2171 1663 jetzt hab ich nur gefühlt und gedacht – »das muss Aanders sein –
