3953 6969
453 938 3343 1269 die Bewunderung fehlen. Ich weiß Ihr
472 1192 3556 1440 Werk wird wirken (im banalen bühnen¬
514 1451 3514 1766 technischen Sinn und um wie viel mehr
517 1687 3475 1996 in höheren!), ich werde jedesfalls in
550 1955 3417 2251 Berlin bei der Première sein, sobald­
554 2197 3489 2556 ich das Datums erfahre und eine Ein¬
544 2477 3477 2764 teilung zu treffen vermag. Denn ich
541 2712 3452 3049 möchte nicht fehlen, wenn ein solches
548 2974 3473 3310 Werk aus Buch zum Wort und vom
566 3225 3459 3602 Wort zur lebendigen Wirkung wird.
1118 3488 3501 3874 Viele Grüsse Ihrer verehrten
601 3777 3388 4081 Frau Gemahlin! Innigst getreu
606 4095 3293 4502 und mit frohem Glückwunsch
1992 4643 2238 4678 Ihr
2234 4892 3235 5347 Stefan Zweig
