3493 2270
128 66 3336 247 aber wie muss es sein? – Darum sind die »Orchideen« verhaunen, weil ich zum ersten mal versuchte, positiv
132 202 3320 346 zu sein – etwas zu gestalten – oder besser – zu construiren, was ich eben nicht kenne, nicht habe! – Da hat
115 284 3390 441 eben das Denken und Sehen Schiffbruch gelitten – denn Denken, glaub ich, ist immer mehr oder weniger
128 379 3299 511 unpersönlich – und meine ganze Kraft liegt im Persönlichen. – Die verschwommenen, träumerische
124 474 3398 614 Weichheit, das Knochenlose, das den größten Reiz z. B. des »Heimweh« bildet – ist auch dessen Schwäche,
128 585 3349 733 aber das bin ich, das beherrsche ich, da bin ich zu Hause – – – gewesen; aber jetzt bin, ich delogirt und
136 663 3283 803 habe noch keine andre Unterkunft! – Ich bin an etwas undefinirbarem angeprallt – und kann nicht
103 783 3274 960 weiter! – Gedacht und gesehen habe ich so viel – aber, verehrter Herr Doctor, ich komme mir vor wie eine
91 886 3332 1030 Perlmuschel. – Der kostbare Perlstoff ist da – wenn nur das winzige Körnchen auch da wäre, das die Perle
95 993 3406 1129 erst hervorruft! – – Es ist eine furchtbare, tote Zeit!! – Es muss etwas Neues kommen. Und täglich
107 1063 3299 1223 und stündlich hofft man – und dann ist es doch nicht gekommen. Ich habe so viel – so eine
128 1182 3357 1339 Menge in mir – aber das muss erst frei gemacht werden und ich weiß nicht womit – ! Und wenn
91 1302 3328 1433 ich doch so gerne arbeiten möchte – – Ich habe immer das Gefühl, dass Alles an mir vorbeigeht,
144 1433 3381 1610 das wichtigste, und – ich weiß nicht wie – wie wenn ich auf einer Felsenspitze mitten im Meer
132 1491 2681 1726 säße und es wäre immer Ebbe und ich warte auf die Flut. – –
157 1602 3386 1858 Und ich soll etwas sein? – Soll mir mein Leben gestalten? – Das fließt ausein¬
136 1746 3349 1973 ander – wie soll ich das machen!? – Und das reibt wahnsinnig auf, dieser Zustand – .
235 1874 3361 2076 Bitte, verehrter Herr Doctor – seien Sie nicht böse über diesen confusen Erguß –
74 1981 3349 2158 aber Ihre liebenswürdigen Zeilen haben der Tonne das Spundloch eingeschlagen. Nochmals meinen
1948 2088 2603 2232 herzlichsten Dank! –
2797 2088 3279 2269 Elsa Plessner
