2052 3195
219 178 823 407 Hotel Kaiserhof
352 311 697 455 A. Ellmenreich.
960 293 1879 508 Meran, 8.III. 1897
341 569 1486 885 Hochverehrter Herr Doctor!
217 850 1774 1116 Nach langer Pause erlaube ich mir heute
158 1068 1872 1260 wieder einmal, Ihre liebenswürdige Aufmerk¬
165 1203 1950 1431 samkeit für eine kleine Arbeit zu erbitten. –
171 1328 1717 1495 Bitte – was halten Sie davon?? – –
229 1461 1966 1710 Zugleich bitte ich Sie, mir meinen letzten
137 1591 1973 1850 Brief – aus dem Januar - nicht übel auszulegen.
146 1749 1904 1991 Es that mir krapp nach seiner Absendung schreck¬
107 1863 1884 2117 lich leid, ihn geschrieben zu haben. Was
146 2000 1925 2263 müssen Sie von diesen unverlangten und ziem¬
121 2145 1959 2396 lich verworrenen Confidenzen gedacht haben!!!
137 2277 1957 2542 Dieser Gedanke hat mir einige fatale Stun¬
121 2414 1783 2629 den bereitet!! – Nun – ich habe die Lehre
133 2593 1831 2778 daraus gezogen, nie wieder so umgehend
119 2700 1934 2942 und – – unüberlegt einen Brief zu beant¬
