4952 4346
728 1136 1346 1212 Zweig
2979 1200 3761 1346 VIII. Kochgasse 8
3211 1327 3496 1444 Wien,
1009 1542 4584 1810 Verehrter lieber Herr Doktor, empfangen
527 1746 4606 2033 Sie meinen innigsten Dank für Ihre guten Worte.
551 2068 4509 2306 Mir ist's mit allem nur um die Zustimmung
578 2327 4632 2526 der Besten zu tun und gestern hat mich bei der
568 2461 4465 2728 Aufführung nichts so beglückt, als ein spontanes
561 2760 4630 3009 Telegramm Gerhardt Hauptmanns. Sie wissen ja, wie
587 2936 4606 3241 ich das Klaffende des Stückes selber fühlte, aber ich
572 3234 4606 3437 durfte die Gelegenheit nicht vorübergehen lassen, ein
571 3463 4402 3649 mal an solcher Stelle zu erscheinen und ich habe –
