4952 4346
333 972 4531 1195 das fühle ich – viel an den Erfahrungen und selbst
384 1208 4483 1457 der Kritik gelernt. Erhalten Sie mir, verehrter Herr
416 1431 4422 1695 Doktor, Ihre gute Gesinnung: sie ist mir wertvoller,
441 1713 4499 1931 als Sie vielleicht vermuten, und gibt, so freundlich
473 1925 4635 2171 sie auch nur sein mag, nur unvollkommen die Stär¬
473 2097 4568 2406 ke des Gefühls zurück, das ich Ihnen von je – und
466 2328 4588 2659 Jahr um Jahr verstärkt – freudig entgegenbringe. In
484 2559 2204 2900 Verehrung getreut Ihr
3123 2832 4515 3359 Stefan Zweig
