2194 3276
150 169 1981 416 worten, da man sich sonst zu sehr von
169 366 2000 593 seiner Stimmung hinreisten lässt. – – –
293 513 1879 748 Alto bitte – – – vergessen Sie das
179 634 2070 818 Ungethüm. – Es scheint Sie übrigens stark
203 780 2082 1015 verstimmt zu haben, da keine Antwort – –
203 920 2053 1138 Sie hatten damit Recht. Pardon! – –
303 1145 1421 1247 – – – – –
203 1189 1915 1407 Ihr geschätzte Kritik des »gläsernen
143 1351 2060 1579 Käfigs«, erbitte an notirte Wiener Adresse,
145 1496 2007 1722 da Sonntag dort eintreffe. Die Arbeit ist aus
169 1637 2014 1838 dem Januar datirt und lag so lange im Pult,
145 1770 2090 2048 da ich kein Vertrauen dazu hatte – – – und habe –
133 1908 2048 2172 Ganz ehrlich!! – Na – sie werden richten.
206 2070 1755 2293 Tausend Dank im Voraus – – !
191 2225 1458 2482 Mit alter und neuer Verehrung
1007 2305 1738 2770 Elsa Plessner
