4007 6692
871 1144 1659 1181 Zweig
2410 1153 3541 1365 VIII. Kochgasse 23. V 13
2638 1297 2875 1469 Wien,
664 1798 3494 2074 Verehrter Herr Doktor, ich habe soe¬
681 2122 3430 2471 ben Ihre neue Novelle empfangen
680 2491 3652 2726 und keine eigene Arbeit ist mir so wich¬
706 2654 3600 2985 tig, um nicht sofort für so liebe Lectüre
702 2956 3601 3256 unterbrochen zu werden. In einem Zug
707 3196 3664 3514 von Anfang bis zu Ende, hatte ich doch
755 3452 3581 3762 nachher das Gefühl einer grossen Fülle,
714 3683 3644 4002 das einen immer überkommt, wenn
753 3940 3560 4225 man Existenzen nicht an einem zu¬
750 4164 3462 4486 fälligen Punkte ihres Schicksals an¬
774 4455 3466 4725 streift sondern durchlebt bis zu je¬
738 4690 3625 5011 nem innersten Kern, in dem die ganze
742 4946 3626 5238 Summe ihres Lebens in stärkstem Extract
748 5205 3602 5502 eingepresst ist. Nichts ist darin eigent¬
754 5431 3575 5770 lich episodisch, sondern Alles so zum
