1879 2396
130 102 1780 411 Wien VIII. Florianigasse No 44, den 23. III 97.
417 368 1429 651 Hochverehrter Herr Doctor!
253 627 1652 852 Vorgestern hier angelangt, erhielt ich
80 735 1713 967 fast als erstes »Willkommen« Ihre lieben,
82 897 1708 1116 lieben Zeilen, die mich gefreut haben –
54 1040 1594 1211 na – wie – ! – Das werden Sie sich ja so
45 1157 1702 1360 ungefähr ausmalen können. Wieder ein
56 1261 1672 1453 paar lobende Worte von Ihnen zu er¬
30 1375 1719 1568 halten, das wirkte wie frisches Wasser auf
0 1477 1652 1693 mich. Also jetzt beginne ich wieder zu
61 1585 1613 1808 schwimmen. Vielen, vielen herzlichsten
84 1678 1650 1918 Dank! Die Meraner böse Zeit liegt
9 1788 1743 2015 hinter mir, ob eine bessere, »heitere« folgt,
0 1907 1633 2128 das ist unbestimmt – aber jedenfalls habe
32 2033 1682 2249 ich wieder Arbeitsfreude. Und das ist ja
