4007 6692
401 1034 3274 1262 Notwendigen herangedrängt, dass –
448 1345 3559 1572 wie in jedem vollendeten epischen Werk
456 1551 3552 1806 – es gar keine Hauptfigur mehr gibt, son¬
473 1824 3584 2091 dern jeder von seiner Seite das Geschehen
491 2054 3516 2340 beherrscht und ihr Gegeneinanderspiel zu
496 2307 3537 2600 einem harmonischen Kampf der Kräfte
524 2568 3455 2859 wird. Reute es mich im ersten und
521 2791 3562 3140 mittleren Teile, das Geschehnis nicht dra¬
518 3047 3493 3374 matisch gestaltet zu seben – ich habe
535 3297 3511 3602 das Empfinden, als hätte sich der Stoff
569 3563 3494 3885 ihnen zuerst dramatisch dargestellt, so
524 3791 3551 4131 stark ist das Entg plastische Entgegentre¬
536 4048 3659 4390 ten der Figuren – der Schluss überzeugte
538 4332 3607 4565 mich durch seine Harmoie, dass hier
557 4607 3636 4857 die Form zu wählen war, die Novelle das
569 4847 3618 5131 einzig mögliche, weil nur sie die erha¬
578 5105 3555 5411 bene Beschwichtigung so erregter Gefühle
561 5309 3555 5615 duldet. Ich muss für sie befürchten,
560 5568 3582 5880 dass Sie auf manche Gegnerschaft gera¬
