2505 1756
144 0 2310 258 das beste Theil, nicht wahr? – Also, wenn Sie nicht
125 111 2296 338 seither sich anders besonnen haben, würde ich Sie bitten,
105 216 2274 396 mir die Aufgaben zu stellen, so, wie Sie es mir im Win¬
89 324 2255 562 ter vorgeschlagen haben. Ich hätte ja damals gleich
119 432 2288 681 von Ihrer unerschöpflichen Liebenswürdigkeit Gebrauch
91 537 2310 784 gemacht aber ich war so auf dem Hund, körper¬
91 670 2299 839 lich und geistig noch mehr – dass es ein ganz verfehl¬
105 756 2222 922 tes und zweckloses Verfahren gewesen wäre. Mit dem
105 864 2271 1058 damaligen Zustand entschuldigen sich auch die »Ordi¬
89 972 2294 1152 deen» ganz von selbst. – – Jetzt wo ich glaube wieder ein
89 1119 2241 1319 bisschen beisammen zu sein, und alle Gefahr, das Ende
80 1205 2271 1396 der Baskirtseff zu kopieren – geschwunden ist, wende ich
89 1352 2252 1529 mich also an Sie und Ihre mir so oft bewiesene Güte –
75 1424 2255 1679 nehmen Sie mich in die Schule – stellen Sie mir Auf¬
80 1548 2125 1753 gaben!! – Außerordentlich hat es mich gefreut, dass
