2427 3603
71 0 2343 224 die letzte Arbeit im Wer Journal Ihnen nicht missfallen
108 139 2326 331 hat. Sehen Sie, verehrter Herr Doctor, die habe ich
99 266 2312 456 wirklich in 1½ Stunden hingeschmiert ohne viel an
99 385 2326 577 anderes zu denken, als an das Wer Journal. Von »Talent¬
110 507 2241 691 probe« und so weiter gar keinen Schimmer im Kopf.
113 625 2258 790 Und das ist nicht ganz missglückt!!? Das freut mich.
133 724 2312 920 Muss doch noch ein bisschen künstlerische Grütze haben!
142 843 2321 1050 D.h. Ideen drängen sich mir wirklich eine ganze Menge
158 945 2326 1166 auf – es fällt mir leicht das künstlerische Bild ins Auge –
142 1056 2298 1225 aber die Technik, es herauszuarbeiten!! Da steckts! –
173 1157 2318 1327 Darum möchte ich von Ihnen lernen. – Mit dem »Käfig«
153 1259 2332 1457 habe ich mir viel und ehrliche Mühe gegeben, auch stylistisch
164 1364 2315 1540 und Sie habens gemerkt. Nicht wahr? – Dieselbe Grund¬
158 1466 2329 1624 idee wie »Orchideen« – d. h. kaum ein bisschen verändert, denn
156 1559 2292 1735 die ließ mich nicht los; aber jetzt habe ich sie geprägt, wie
173 1661 1944 1831 ich glaube, und denke, mit ihr fertig zu sein. –
175 1740 2284 1913 Eine klare, schlichte Schreibweise, ohne Mätzchen und stylis¬
181 1871 2329 2032 tische Eiertänze, so, wie Sie deren glücklicher Besitzer
175 1970 2315 2139 sind, möchte ich mir gerne aneignen. Die jüngstmo¬
161 2074 2329 2224 dernen affectirten Posen sind mir immer zuwider gewesen.
187 2171 2193 2346 Daher die von Ihnen oft gerügten Trivialitäten und
178 2258 2244 2445 saloppen Plattheiten. Leider habe ich in jüngster Zeit
173 2360 2321 2533 mit den Dialogen Unglück! Das geht mir stark gegen den
164 2448 2287 2643 strich. Dialoge waren sonst meine Stärke – siehe »Heim¬
164 2544 2100 2697 weh«. – Also – hier die Inventur. – – – – – –
232 2640 2321 2813 Mein letzter – d.h. der fragliche Brief ärgert mich, weil
175 2731 2329 2912 er mir noch immer als Zudringlichkeit – d. h. als Geschmack¬
178 2824 2287 3008 losigkeit erscheint. Sie sind nur aus Höflichkeit darüber weg¬
170 2926 2185 3093 gegangen. Diese private Ohrenbeichte und intimste Privat
164 3039 2258 3170 Kundgebung an Sie zu richten – – na, das ist mindestens
184 3136 2326 3305 überspannt. – – Und lächerlich noch dazu. Bitte, ich bin
167 3226 2301 3337 so eitel – denken Sie besser von mir, als Sie nach dem Brief Ursache
147 3305 2275 3495 hätten es zu thun und nehmen Sie meine aufrichtige Verehrung
294 3402 2120 3571 sowie herzliche Grüsse entgegen. Elsa Plessner
