<?xml version="1.0" encoding="UTF-8" standalone="yes"?>
<PcGts xmlns="http://schema.primaresearch.org/PAGE/gts/pagecontent/2013-07-15" xmlns:xsi="http://www.w3.org/2001/XMLSchema-instance" xsi:schemaLocation="http://schema.primaresearch.org/PAGE/gts/pagecontent/2013-07-15 http://schema.primaresearch.org/PAGE/gts/pagecontent/2013-07-15/pagecontent.xsd">
    <Metadata>
        <Creator>prov=University of Rostock/Institute of Mathematics/CITlab|PLANET AI GmbH/Gundram Leifert/gundram.leifert@planet-ai.de:name=Zweig_Stefan_final_neu(htr_id=39110)::::v=2.6.7
prov=University of Rostock/Institute of Mathematics/CITlab|PLANET AI GmbH/Tobias Gruening/tobias.gruening@planet-ai.de:name=de.uros.citlab.module.baseline2polygon.B2PSeamMultiOriented:v=2.6.7
prov=READ-COOP:name=PyLaia@TranskribusPlatform:version=0.6.8:model_id=35909:lm=none:date=29_03_2022_11:29
prov=READ-COOP:name=PyLaia@Transkribus:version=0.6.8:model_id=35909:date=29_03_2022_11:29
prov=University of Rostock/Institute of Mathematics/CITlab|PLANET AI GmbH/Tobias Gruening/tobias.gruening@planet-ai.de:name=de.uros.citlab.module.baseline2polygon.B2PSeamMultiOriented:v=2.6.7</Creator>
        <Created>2022-03-29T10:06:22.042+02:00</Created>
        <LastChange>2025-05-19T12:37:55.209+02:00</LastChange>
    </Metadata>
    <Page imageFilename="0040_00040 MS-SCHNITZLER-B-00118-000-00042-1.jpg" imageWidth="4007" imageHeight="6692">
        <ReadingOrder>
            <OrderedGroup id="ro_1747833866607" caption="Regions reading order">
                <RegionRefIndexed index="0" regionRef="r2"/>
            </OrderedGroup>
        </ReadingOrder>
        <TextRegion orientation="0.0" id="r2" custom="readingOrder {index:0;}">
            <Coords points="518,220 518,5892 3670,5892 3670,220"/>
            <TextLine id="r2l2" custom="readingOrder {index:0;}">
                <Coords points="497,1274 3476,1288 3608,1151 3271,1045 2656,1156 2491,1066 1999,1139 1628,1037 499,1040"/>
                <Baseline points="518,1208 671,1206 825,1204 978,1202 1132,1202 1285,1202 1439,1202 1592,1202 1746,1202 1899,1204 2053,1204 2206,1206 2360,1208 2513,1210 2667,1212 2820,1214 2974,1216 3127,1220 3281,1222 3434,1224 3588,1226"/>
                <TextEquiv>
                    <Unicode>de dies mal stossen werden, weil Sie in</Unicode>
                </TextEquiv>
            </TextLine>
            <TextLine id="r2l3" custom="readingOrder {index:1;}">
                <Coords points="520,1539 1361,1444 1522,1534 3353,1553 3526,1520 3527,1335 2767,1407 2460,1313 521,1312"/>
                <Baseline points="538,1452 686,1450 834,1448 983,1448 1131,1448 1280,1448 1428,1448 1576,1450 1725,1452 1873,1454 2022,1456 2170,1458 2318,1460 2467,1462 2615,1462 2764,1464 2912,1464 3060,1464 3209,1462 3357,1460 3506,1458"/>
                <TextEquiv>
                    <Unicode>so grosser Wahrhaftigkeit dem primitiv</Unicode>
                </TextEquiv>
            </TextLine>
            <TextLine id="r2l4" custom="readingOrder {index:2;}">
                <Coords points="554,1709 2606,1827 3076,1677 3513,1734 3587,1593 555,1540"/>
                <Baseline points="572,1680 721,1682 871,1686 1021,1688 1170,1690 1320,1692 1470,1694 1619,1696 1769,1698 1919,1700 2069,1702 2218,1702 2368,1704 2518,1704 2667,1706 2817,1706 2967,1706 3116,1706 3266,1706 3416,1704 3566,1704"/>
                <TextEquiv>
                    <Unicode>Sexuellen entgegengetreten sind, indess</Unicode>
                </TextEquiv>
            </TextLine>
            <TextLine id="r2l5" custom="readingOrder {index:3;}">
                <Coords points="558,1935 2940,2074 3562,2040 3566,1790 2828,1869 560,1773"/>
                <Baseline points="576,1916 724,1918 873,1922 1021,1924 1170,1927 1318,1930 1467,1934 1615,1937 1764,1940 1912,1944 2061,1946 2209,1949 2358,1952 2506,1952 2655,1954 2803,1954 2952,1954 3100,1954 3249,1952 3397,1950 3546,1946"/>
                <TextEquiv>
                    <Unicode>die meisten Menschen aus einer merk¬</Unicode>
                </TextEquiv>
            </TextLine>
            <TextLine id="r2l6" custom="readingOrder {index:4;}">
                <Coords points="545,2159 1027,2240 1919,2162 2850,2300 3573,2215 3575,2077 3372,2039 2006,2033 1889,2123 547,2044"/>
                <Baseline points="564,2158 713,2160 863,2163 1012,2166 1162,2170 1311,2172 1461,2176 1610,2180 1760,2182 1909,2186 2059,2188 2208,2192 2358,2194 2507,2196 2657,2198 2806,2200 2956,2200 3105,2202 3255,2202 3404,2200 3554,2200"/>
                <TextEquiv>
                    <Unicode>würdigen innern Verlogenheit jede ihrer</Unicode>
                </TextEquiv>
            </TextLine>
            <TextLine id="r2l7" custom="readingOrder {index:5;}">
                <Coords points="567,2424 2688,2536 2897,2447 3172,2536 3606,2489 3608,2374 3395,2282 2913,2378 2370,2262 569,2290"/>
                <Baseline points="588,2398 738,2402 888,2406 1038,2410 1188,2414 1338,2418 1488,2422 1638,2425 1788,2428 1938,2431 2088,2434 2238,2436 2388,2438 2538,2440 2688,2442 2838,2443 2988,2444 3138,2444 3288,2446 3438,2446 3588,2446"/>
                <TextEquiv>
                    <Unicode>rein sexuellen Empfindungen mit dem</Unicode>
                </TextEquiv>
            </TextLine>
            <TextLine id="r2l8" custom="readingOrder {index:6;} textStyle {offset:28; length:3;strikethrough:true;}">
                <Coords points="590,2707 1486,2664 2032,2783 2783,2686 3134,2782 3535,2717 3539,2529 2531,2631 595,2454"/>
                <Baseline points="612,2646 757,2642 902,2642 1047,2642 1193,2645 1338,2649 1483,2654 1629,2660 1774,2666 1919,2672 2065,2678 2210,2683 2355,2688 2500,2692 2646,2694 2791,2696 2936,2694 3082,2692 3227,2686 3372,2678 3518,2666"/>
                <TextEquiv>
                    <Unicode>Begriff Liebe verbrämen und sie selbst</Unicode>
                </TextEquiv>
            </TextLine>
            <TextLine id="r2l9" custom="readingOrder {index:7;}">
                <Coords points="580,2886 1439,2901 1875,3039 2475,2949 3353,3026 3665,2977 3668,2774 2020,2857 974,2708 581,2836"/>
                <Baseline points="598,2884 750,2888 903,2892 1055,2895 1208,2898 1360,2901 1513,2904 1665,2906 1818,2909 1970,2912 2123,2914 2275,2916 2428,2918 2580,2921 2733,2924 2885,2926 3038,2928 3190,2932 3343,2934 3495,2937 3648,2940"/>
                <TextEquiv>
                    <Unicode>im Kunstwerk das reine nakte Blutgefühl</Unicode>
                </TextEquiv>
            </TextLine>
            <TextLine id="r2l10" custom="readingOrder {index:8;}">
                <Coords points="593,3160 3283,3256 3617,3233 3620,3049 595,3011"/>
                <Baseline points="614,3116 763,3120 912,3122 1061,3126 1211,3128 1360,3132 1509,3134 1659,3136 1808,3138 1957,3140 2107,3142 2256,3144 2405,3146 2554,3148 2704,3150 2853,3152 3002,3154 3152,3154 3301,3156 3450,3158 3600,3160"/>
                <TextEquiv>
                    <Unicode>nicht dulden wollen: sie verwandeln</Unicode>
                </TextEquiv>
            </TextLine>
            <TextLine id="r2l11" custom="readingOrder {index:9;}">
                <Coords points="583,3409 2300,3364 2877,3498 3543,3400 3483,3280 2692,3304 2459,3197 1814,3211 1686,3309 984,3311 720,3204 585,3275"/>
                <Baseline points="602,3360 748,3360 894,3360 1040,3360 1186,3362 1332,3362 1478,3364 1624,3366 1770,3368 1916,3372 2062,3374 2208,3376 2354,3378 2500,3381 2646,3384 2792,3386 2938,3388 3084,3390 3230,3392 3376,3392 3522,3392"/>
                <TextEquiv>
                    <Unicode>dann gern ein falsches Schamgefühl in</Unicode>
                </TextEquiv>
            </TextLine>
            <TextLine id="r2l12" custom="readingOrder {index:10;}">
                <Coords points="577,3658 2751,3629 3570,3764 3574,3541 2926,3483 580,3512"/>
                <Baseline points="598,3598 745,3598 893,3598 1041,3598 1189,3598 1337,3600 1484,3602 1632,3604 1780,3606 1928,3608 2076,3612 2223,3614 2371,3618 2519,3621 2667,3626 2815,3630 2962,3632 3110,3637 3258,3642 3406,3645 3554,3650"/>
                <TextEquiv>
                    <Unicode>moralische oder ästhetische Abneigung,</Unicode>
                </TextEquiv>
            </TextLine>
            <TextLine id="r2l13" custom="readingOrder {index:11;}">
                <Coords points="585,3845 3147,3965 3497,3931 3501,3762 588,3714"/>
                <Baseline points="606,3842 749,3840 893,3838 1037,3838 1180,3838 1324,3840 1468,3844 1611,3848 1755,3852 1899,3856 2043,3862 2186,3866 2330,3871 2474,3875 2617,3879 2761,3882 2905,3884 3048,3886 3192,3886 3336,3885 3480,3882"/>
                <TextEquiv>
                    <Unicode>indess ich gerade jene Intensität des</Unicode>
                </TextEquiv>
            </TextLine>
            <TextLine id="r2l14" custom="readingOrder {index:12;}">
                <Coords points="581,4085 2550,4123 2755,4208 3428,4156 3538,4035 2636,4052 2166,3893 1818,4025 1456,3910 584,3931"/>
                <Baseline points="602,4076 747,4076 893,4077 1039,4078 1185,4080 1331,4082 1476,4085 1622,4088 1768,4090 1914,4094 2060,4097 2205,4100 2351,4104 2497,4107 2643,4110 2789,4114 2934,4116 3080,4120 3226,4122 3372,4124 3518,4126"/>
                <TextEquiv>
                    <Unicode>Körperlichen in Verbindung mit der</Unicode>
                </TextEquiv>
            </TextLine>
            <TextLine id="r2l15" custom="readingOrder {index:13;}">
                <Coords points="608,4358 3483,4387 3484,4280 3014,4135 2582,4249 1716,4157 1488,4269 1259,4166 610,4173"/>
                <Baseline points="626,4318 768,4318 910,4320 1052,4322 1194,4324 1336,4326 1478,4328 1620,4330 1762,4332 1904,4334 2046,4336 2188,4336 2330,4338 2472,4340 2614,4342 2756,4344 2898,4346 3040,4348 3182,4350 3324,4352 3466,4354"/>
                <TextEquiv>
                    <Unicode>atmosphärischen Elektricität dieser</Unicode>
                </TextEquiv>
            </TextLine>
            <TextLine id="r2l16" custom="readingOrder {index:14;}">
                <Coords points="613,4658 1402,4569 3507,4694 3658,4655 3661,4520 3455,4436 2981,4523 2668,4397 1417,4381 912,4502 618,4420"/>
                <Baseline points="634,4556 784,4558 934,4560 1084,4562 1234,4566 1385,4568 1535,4571 1685,4574 1835,4578 1985,4580 2136,4584 2286,4588 2436,4590 2586,4594 2736,4596 2887,4600 3037,4602 3187,4604 3337,4606 3487,4607 3638,4608"/>
                <TextEquiv>
                    <Unicode>(wundervoll hingemalten) Sommertage</Unicode>
                </TextEquiv>
            </TextLine>
            <TextLine id="r2l17" custom="readingOrder {index:15;} work {offset:29; length:6;}">
                <Coords points="575,4861 3673,4911 3623,4695 3157,4778 3002,4656 579,4673"/>
                <Baseline points="594,4802 747,4802 900,4802 1053,4802 1206,4802 1359,4804 1512,4806 1665,4808 1818,4810 1971,4812 2124,4816 2277,4820 2430,4824 2583,4828 2736,4832 2889,4836 3042,4840 3195,4846 3348,4850 3501,4854 3654,4860"/>
                <TextEquiv>
                    <Unicode>als stärkste Wahrheit dieses Werkes empfin¬</Unicode>
                </TextEquiv>
            </TextLine>
            <TextLine id="r2l18" custom="readingOrder {index:16;}">
                <Coords points="600,5075 3617,5156 3610,4952 2936,5041 2551,4920 605,4894"/>
                <Baseline points="622,5052 770,5052 919,5052 1068,5052 1217,5054 1366,5054 1515,5056 1664,5058 1813,5062 1962,5064 2111,5068 2259,5072 2408,5076 2557,5081 2706,5086 2855,5090 3004,5096 3153,5101 3302,5107 3451,5112 3600,5118"/>
                <TextEquiv>
                    <Unicode>de. Der Schluss hat freilich auch mich</Unicode>
                </TextEquiv>
            </TextLine>
            <TextLine id="r2l19" custom="readingOrder {index:17;}">
                <Coords points="596,5344 2773,5342 3635,5450 3639,5201 3388,5285 2822,5143 2279,5249 1214,5106 836,5226 599,5171"/>
                <Baseline points="614,5316 764,5312 914,5311 1064,5310 1214,5310 1365,5312 1515,5314 1665,5316 1815,5318 1965,5322 2116,5326 2266,5330 2416,5334 2566,5338 2716,5342 2867,5346 3017,5349 3167,5352 3317,5354 3467,5356 3618,5358"/>
                <TextEquiv>
                    <Unicode>im ersten Lesen befremdet, doch bin ich</Unicode>
                </TextEquiv>
            </TextLine>
            <TextLine id="r2l20" custom="readingOrder {index:18;}">
                <Coords points="617,5608 3622,5664 3625,5526 3266,5428 2297,5499 621,5397"/>
                <Baseline points="638,5558 786,5558 934,5558 1082,5558 1231,5560 1379,5560 1527,5562 1676,5563 1824,5564 1972,5566 2121,5569 2269,5572 2417,5574 2565,5578 2714,5581 2862,5585 3010,5589 3159,5594 3307,5600 3455,5604 3604,5612"/>
                <TextEquiv>
                    <Unicode>meiner hier weniger sicher als Ihrer</Unicode>
                </TextEquiv>
            </TextLine>
            <TextLine id="r2l21" custom="readingOrder {index:19;}">
                <Coords points="614,5779 1253,5888 1539,5792 3688,5864 3691,5653 3087,5748 2282,5629 615,5668"/>
                <Baseline points="634,5788 785,5791 937,5792 1089,5794 1241,5796 1393,5796 1544,5796 1696,5798 1848,5798 2000,5800 2152,5800 2303,5802 2455,5804 2607,5806 2759,5808 2911,5812 3062,5816 3214,5822 3366,5827 3518,5835 3670,5842"/>
                <TextEquiv>
                    <Unicode>und zweifle nicht, dass eine zweite und</Unicode>
                </TextEquiv>
            </TextLine>
            <TextEquiv>
                <Unicode>de dies mal stossen werden, weil Sie inso grosser Wahrhaftigkeit dem primitivGemnellen entgegengetreten sind indeisdie meisten Menschen aus einer merk-würdigen innern Verlogenheit jede ihrerrein seinellen Empfindungen mit demBegriff Liebe verbrämen und mm selbstim Kunstwerk das reine nahte Blutgefühlnicht dulden wollen: sie verwandelndann gern ein falsches Schamgefühl inmoralische oder ästhetische Abneigungindess ich gerade jene Zutensität desKörperlichen in Verbindung mit deratmosplärischen Glehtricität dieser(wundervoll hingemalten) Sommertageals stärkste Wahrheit dieses Werkes empfinde. Der Schluss hat freilich auch michim ersten tesen befremdet, doch bin ichmeiner hier weniger sicher als Ihrerund zweifle nicht, dass eine zweite und</Unicode>
            </TextEquiv>
        </TextRegion>
    </Page>
</PcGts>
