4007 6692
2414 1232 3076 1359 VIII. Kochgasse
2628 1328 2899 1458 Wien,
529 1667 3480 2042 dern, (mit denen ich öfter dank der
511 2017 3543 2321 schönen Gesammausgabe jetzt Zwiespra­¬
535 2293 3634 2587 che tausche, als Sie es vermuten möchten)
1074 2505 3643 2793 Vielleicht komme ich noch irgend¬
564 2832 3591 3105 wo zurecht, mich über das Werk öffent¬
585 3038 3646 3302 lich ausemanderzusetzen: es reizen mich
571 3349 3658 3569 so viele ineinandergefaltete Probleme hier
568 3588 3518 3790 einzeln vor den Blich zu stellen. Leider
581 3758 3493 4079 sind Ihre Bücher bei den Blättern fast
567 4004 3537 4328 immer schon am Tage des Erscheinens
582 4275 3622 4590 vergebens und man käme post festum.
1203 4509 3486 4829 Nun noch Eines: ich spreche
581 4744 3648 5131 Montag um 1/2 8 Uhr im kleinen Festsaal
609 5039 3505 5301 der Unversität zur Bahr-­Feier und
574 5284 3560 5574 sage es offen, dass ich Sie sehr gerne
608 5524 3509 5788 unter den Anwesenden sähe. Nicht um
