4007 6692
429 1004 3603 1273 nun weniger von der Spannung nach
465 1297 3591 1524 vorwärts gejagte Lectüre mir die Notwen¬
465 1514 3595 1756 digkeit fühlbarer machen wird. Das Mo¬
491 1783 3685 2015 tiv der Entladung aufgestauter erotischer
477 2014 3512 2298 Kräfte, das die Garlan und Das weite
500 2266 3539 2483 Land schon so prachtvoll ausbildeten,
500 2455 3576 2784 ist hier zu wundervoller Vehemenz ge¬
491 2727 3537 2998 worden und ich freue mich, dass wir
475 2960 3542 3220 au Ihnen gerade in jenen Jahren, wo die
510 3243 3399 3518 Dichter sonst gemessen und vorsichtig
491 3483 3540 3724 werden, ebenso wie im Bernhardi eine
496 3759 3577 4065 männliche geradeausblickende Kühnheit
506 3988 3574 4331 so sehr bewundern dürfen. Für mich wer¬
481 4321 3539 4571 den ihre Werke immer selbstbewusster
505 4589 3587 4833 immer näher der Wahrheit, immer weiter
508 4771 3560 5097 vom Illusionären, das doch irgendwie
507 5037 3559 5341 immer mit Jugend und Träumerei zu¬
500 5304 3520 5605 sammenlängt. Haben Sie innigen Dank
495 5552 3641 5858 auch für dieses Werk wie für all die an¬
