4007 6692
455 982 3665 1284 meinetwillen (der vielfach Widerspruch
507 1288 3650 1553 wecken dürfte, denn Bahr ist eine so provo¬
521 1537 3620 1801 kant agressive Persönlichkeit, dass er zum
510 1742 3635 2022 sogar noch als Thema erbittert) sondern
522 1979 3517 2295 um Bahr's willen, von dem vielfach
531 2244 3597 2599 vermeint wird, er sei von seiner ganzen
554 2482 3631 2775 Generation heute irgendwie verlassen oder
546 2769 3601 3021 ihr entfremdet. Es ist ja zum Teil leider
528 2972 3551 3249 wahr, nicht aber, wie ich doch weiss, bei
541 3253 3591 3551 Ihnen: deshalb hätte ich, ohne zudring¬­
548 3493 3550 3814 lich sein zu wollen, für ihn gerne Ihre
551 3761 2033 4022 Gegenwart erbeten.
1080 3960 3586 4309 Empfangen Sie verehrter Herr
538 4264 3528 4533 Doktor nochmals den Dank alter und
570 4493 3376 4786 immer wieder erneuter Liebe und
546 4776 3559 5053 Verehrung von Ihrem getreu ergebenen
2322 5147 3595 5598 Stefan Zweig
