1747 2568
238 208 1625 478 Wien-Sievering, Fröschlgasse N° 6
1053 416 1617 622 den 9. VIII. 97
324 586 1619 901 Verehrter, lieber Herr Doctor!
328 873 1703 1064 Ihre lieben und liebenswürdigen
272 997 1643 1224 Zeilen bestätige ich mit herzlicher
302 1130 1673 1325 Freude! Inzwischen haben Sie
270 1285 1698 1484 ja auch erfahren, dass ich selbst
309 1392 1656 1542 von der absurden Correctur-idee
212 1514 1677 1741 zurückkam, gleich nachdem ich
167 1664 1645 1844 diese Absicht Ihnen mittheilte!
290 1780 1681 1967 Ich kann Ihnen nur sagen,
210 1922 1566 2166 dass ich folgen werde; schön
156 2076 1662 2267 still und ruhig sein und mich
184 2207 1610 2443 trösten. Ich bin ja so folg¬
