4007 6692
2033 1109 2628 1180 Zweig
552 961 1719 1192 Hotel Beaujolais
575 1103 1966 1357 15, rue de Beaujolais
590 1313 1385 1569 Paris –
2863 1046 3650 1089 15. März 1913
661 1684 2230 1966 Verehrter Herr Doktor,
2228 1982 3622 2185 seit einiger Zeit in
683 2206 3543 2415 Paris habe ich heute Paul Morisse zum
700 2447 3670 2708 erstenmal gesprochen und eile mich, Ihnen
734 2715 3699 2928 sein Stillschweigen zu erklären. Morisse hat
731 2916 3742 3114 Ihr Stück längst übersetzt, sogar eigens in
743 3105 3683 3328 München einer Aufführung beigewohnt und
755 3324 3718 3605 gibt sich alle Mühe. Wenn er Ihnen nicht
744 3554 3661 3798 schrieb, so war es einzig die Scheu, nichts
775 3791 3652 4003 Negatives melden zu wollen. Es bedeutet
770 3981 3706 4245 ja für Sie nichts Peinliches, wenn ich es
805 4178 3708 4463 nun übernehme Ihnen zu sagen, dass bei
785 4445 3640 4682 zwei Theatern seine Schritte vergeblich ge¬
807 4664 3744 4925 wesen sind, so sehr man das Werk rühm­¬
809 4854 3734 5096 te, auch Antoine konnte sich nicht ent¬
793 5110 3729 5326 scheiden. Augenblich liegt es beim Theater
833 5382 3729 5601 des Variétés, wo die Hoffnungen auf schwa¬
804 5566 3689 5851 chen Füssen stehn, besonders bei der jetzi¬
