1611 2448
56 101 1407 331 sam. Heute haben Sie sich
36 299 1540 486 wieder ein neues Verdienst erworben!
56 415 1495 613 Sie haben meine Ballfrisur für
9 540 1480 742 die kommende Saison gerettet, die
22 686 1523 888 ich auf dem besten Wege war, zu
24 819 1446 1015 zerstören durch verzweifeltes
50 946 1506 1147 Ausruppfen jedes einzelnen Haares!
39 1065 1501 1265 Als ich Ihre Trostzeilen erhielt,
28 1196 1402 1385 beendigte ich sofort diese ebenso
36 1317 1413 1557 amusante, als vortheilhafte Proce¬
36 1443 1506 1620 dur. Es ist aber nicht schön von
60 1557 1499 1772 Ihnen dass Sie meinen heiligen
107 1693 1486 1893 Schmerz herabwürdigend, mich
47 1803 1512 2041 zwar lieb und herzig – so frozzeln.
88 1932 1473 2153 Von einer … »Parabel« .. dürfen Sie mir
30 2087 1465 2280 eben nur schreiben aber nicht spre¬
