1693 2540
146 81 1615 258 chen, sonst hätte ich Ihnen schnell
183 210 1639 380 bewiesen, dass ich selbst Ihnen,
162 337 1635 559 meinem hochmögenden Gönner
179 483 1560 662 gegenüber, nicht »wehrlos« bin,
162 584 1591 815 wenn ich 10 rosige und scharfe
221 747 1635 977 Fingernägel nicht ganz vergesse.
227 868 1602 1032 – Sonst aber bin ich kalt- und
243 1023 1685 1228 back-fischblütig –, werde mich
186 1143 1624 1305 nicht ins Wasser stürzen, um¬
205 1261 1634 1486 so mehr ich wieder einmal –
201 1427 1617 1643 von 40° Fieber vor 14 Tagen
195 1564 1680 1759 aufgestanden – höchst sorgsam
210 1713 1667 1916 auf meine miserable Gesundheit
186 1855 1597 2047 achten muss, welche ein anderes
201 1991 1669 2240 als moralisch kaltes Bad jetzt
206 2118 1497 2351 absolut nicht verträgt. –
