4007 6692
544 941 3500 1255 gen politischen Lage, wo die Aufführung
569 1167 3653 1474 deutscher Werke geringer Sympathie begegnet.
1021 1403 3473 1666 Sicher wäre das Theater des Arts
609 1660 3505 1950 das jetzt modernste von Paris, das Shaw,
611 1895 3459 2173 Hebbel, die jungen Franzosen spielt. Es
627 2096 3479 2346 ist natürlich ein a-coté- Theater und
627 2360 3371 2539 trägt gar nichts oder beinahe so viel:
647 2570 3543 2816 Morisse wagte Ihnen dies nicht anzubieten,
649 2783 3553 3018 etwas Deklassierendes ist natürlich dabei
650 3010 3602 3250 nicht zu finden und die Presse vollzählig
680 3199 3350 3492 vertreten. Hier müssten Sie entscheiden.
972 3508 3541 3741 Auch ist er bereit, das Werk sofort
682 3731 3525 3921 als Buch erscheinen zu lassen, nur soll
684 3861 3609 4180 dies in Frankreich gewissermassen einen
689 4083 3589 4433 schweigenden Verzicht auf die Aufführung
700 4327 1383 4544 bedeuten.
1029 4502 3611 4794 Ich hoffe, verehrter Herr Doktor, klar
703 4715 3671 5074 berichtet zu haben. Morisse hat sich alle
723 5016 3598 5257 Mühe gegeben, Sie wissen ja selbst, wie
724 5198 3531 5507 schwer Paris zu erobern ist. Jedesfalls
718 5389 3481 5754 stehe ich hier ganz zu Ihrer Verfügung,
717 5647 3540 5933 falls Sie irgend eine bestimmte Aus¬
