<?xml version="1.0" encoding="UTF-8" standalone="yes"?>
<PcGts xmlns="http://schema.primaresearch.org/PAGE/gts/pagecontent/2013-07-15" xmlns:xsi="http://www.w3.org/2001/XMLSchema-instance" xsi:schemaLocation="http://schema.primaresearch.org/PAGE/gts/pagecontent/2013-07-15 http://schema.primaresearch.org/PAGE/gts/pagecontent/2013-07-15/pagecontent.xsd">
    <Metadata>
        <Creator>prov=READ-COOP:name=TrHtr:version=2.27.0:model_id=356425:date=02_07_2025_11:57</Creator>
        <Created>2025-06-25T14:33:19.692+02:00</Created>
        <LastChange>2025-07-02T17:20:30.333+02:00</LastChange>
    </Metadata>
    <Page imageFilename="0046_Elsa-Plessner_9661-2.jpeg" imageWidth="1669" imageHeight="2571">
        <ReadingOrder>
            <OrderedGroup id="ro_1751552303146" caption="Regions reading order">
                <RegionRefIndexed index="0" regionRef="tr_1"/>
            </OrderedGroup>
        </ReadingOrder>
        <TextRegion orientation="0.0" id="tr_1" custom="readingOrder {index:0;}">
            <Coords points="15,180 23,2513 1609,2513 1610,160"/>
            <TextLine id="l" custom="readingOrder {index:0;}">
                <Coords points="118,372 368,349 592,404 776,372 864,425 1017,372 1167,398 1234,355 1489,351 1489,298 1238,306 1116,200 915,282 774,163 703,202 560,159 404,288 335,290 119,196"/>
                <Baseline points="129,355 157,354 185,354 213,353 242,354 270,357 298,357 327,357 622,364 651,367 681,365 1028,371 1053,373 1079,373 1105,375 1131,375 1397,339 1429,337 1461,335 1493,335"/>
                <TextEquiv>
                    <Unicode>Also ich tröste mich – – – –</Unicode>
                </TextEquiv>
            </TextLine>
            <TextLine id="l_4" custom="readingOrder {index:1;} paragraph {offset:0; length:6;}">
                <Coords points="31,511 315,499 480,552 554,503 1606,525 1606,449 1410,386 1293,443 1191,382 1101,433 952,400 872,472 748,478 615,392 541,445 276,468 137,386 31,411"/>
                <Baseline points="43,503 69,506 95,506 121,504 147,502 173,499 199,497 225,497 251,497 278,496 304,495 330,495 356,494 382,493 408,493 434,495 460,497 487,506 537,493 562,494 587,495 612,496 637,498 663,501 703,506 734,505 765,505 797,511 861,510 890,511 919,511 948,511 978,512 1131,501 1156,498 1181,496 1207,494 1232,493 1257,495 1283,495 1308,494 1333,493 1359,493 1384,493 1410,495 1524,495 1552,497 1580,500 1609,505"/>
                <TextEquiv>
                    <Unicode>Jemand, der nicht allzudumm</Unicode>
                </TextEquiv>
            </TextLine>
            <TextLine id="l_1" custom="readingOrder {index:2;} add {offset:9; length:3;}">
                <Coords points="49,644 358,641 433,689 715,648 897,705 1064,654 1171,723 1295,650 1575,678 1573,578 1442,521 1265,619 1007,529 876,580 817,535 701,607 396,517 249,562 135,517 47,576"/>
                <Baseline points="59,633 101,636 143,638 185,636 227,635 269,633 311,636 353,637 395,639 437,641 479,639 521,640 563,641 605,643 647,643 689,640 731,637 773,637 815,641 857,637 899,641 934,645 959,643 984,646 1015,644 1040,641 1066,642 1092,645 1118,643 1118,643 1154,643 1187,657 1203,643 1230,647 1258,652 1355,647 1382,654 1410,655 1438,655 1466,658 1493,659 1521,658 1549,657 1577,657"/>
                <TextEquiv>
                    <Unicode>ist, hat mir einmal gesagt – sehr</Unicode>
                </TextEquiv>
            </TextLine>
            <TextLine id="l_6" custom="readingOrder {index:3;}">
                <Coords points="41,793 417,782 499,829 580,784 778,848 885,791 1089,876 1209,801 1322,860 1526,864 1540,678 1353,654 1169,770 693,688 523,740 445,682 394,733 274,644 208,711 37,701"/>
                <Baseline points="51,779 91,776 132,775 172,773 213,774 253,769 294,776 334,774 375,773 415,772 456,774 497,771 537,773 578,775 618,773 659,775 699,778 740,782 780,781 821,782 862,786 912,792 939,789 966,789 993,792 1014,795 1041,797 1068,797 1095,800 1122,798 1149,796 1177,795 1359,833 1385,834 1412,829 1439,827 1484,831 1518,842 1553,837"/>
                <TextEquiv>
                    <Unicode>drastisch und geradezu – »Publi¬</Unicode>
                </TextEquiv>
            </TextLine>
            <TextLine id="l_2" custom="readingOrder {index:4;}">
                <Coords points="104,950 192,923 462,983 744,940 1395,1011 1524,973 1397,850 1265,817 1071,905 915,807 831,878 703,901 409,780 259,889 102,901"/>
                <Baseline points="113,921 140,919 167,923 194,924 221,924 248,927 275,929 302,927 329,927 356,928 383,930 410,931 437,933 534,932 561,935 589,934 611,929 649,939 688,941 727,941 766,940 805,941 844,943 883,944 922,948 961,947 1000,947 1038,951 1077,958 1116,959 1155,962 1194,964 1233,968 1272,971 1311,970 1350,974 1389,975 1477,969 1503,969 1529,969"/>
                <TextEquiv>
                    <Unicode>kum ist, wer nichts versteht« –</Unicode>
                </TextEquiv>
            </TextLine>
            <TextLine id="l_3" custom="readingOrder {index:5;}">
                <Coords points="61,1087 1514,1103 1573,1081 1573,1015 1279,1050 1122,964 970,1009 866,952 738,1003 623,948 556,1015 317,944 221,987 59,958"/>
                <Baseline points="72,1061 162,1057 171,1057 197,1060 223,1061 249,1059 275,1056 301,1056 327,1057 353,1059 379,1059 405,1061 431,1064 457,1063 483,1065 509,1065 535,1067 561,1065 587,1073 703,1075 737,1079 772,1082 807,1083 842,1084 877,1083 912,1083 947,1083 982,1083 1017,1081 1052,1079 1086,1079 1121,1083 1156,1079 1191,1082 1226,1079 1261,1078 1296,1081 1331,1077 1366,1075 1401,1071 1430,1072 1459,1067 1488,1067 1518,1067 1547,1065 1577,1065"/>
                <TextEquiv>
                    <Unicode>Da Sie derselben Ansicht – nur in</Unicode>
                </TextEquiv>
            </TextLine>
            <TextLine id="l_7" custom="readingOrder {index:6;}">
                <Coords points="35,1207 276,1195 349,1248 441,1183 639,1193 801,1256 1512,1222 1510,1134 1465,1130 1113,1175 832,1115 750,1148 656,1093 595,1126 452,1064 259,1146 33,1095"/>
                <Baseline points="47,1189 79,1191 112,1189 145,1186 178,1184 211,1183 244,1183 277,1181 310,1179 343,1181 376,1181 408,1181 441,1182 474,1185 507,1186 540,1185 573,1187 606,1188 639,1191 672,1193 705,1201 753,1209 782,1212 811,1214 840,1215 870,1214 899,1214 928,1214 958,1213 987,1213 1016,1212 1046,1210 1075,1210 1104,1211 1133,1209 1163,1209 1192,1206 1221,1203 1251,1203 1280,1201 1309,1197 1339,1200 1415,1197 1440,1195 1465,1195 1490,1195 1515,1195"/>
                <TextEquiv>
                    <Unicode>homöopathischer Verdünnung, zu</Unicode>
                </TextEquiv>
            </TextLine>
            <TextLine id="l_9" custom="readingOrder {index:7;}">
                <Coords points="45,1308 738,1326 899,1373 1306,1346 1463,1399 1543,1353 1540,1240 625,1261 429,1199 266,1259 43,1242"/>
                <Baseline points="55,1299 80,1302 105,1302 130,1302 155,1303 180,1305 205,1307 230,1308 255,1309 280,1308 305,1308 331,1312 376,1311 401,1314 427,1318 453,1317 479,1315 505,1316 530,1319 556,1321 582,1323 608,1324 634,1326 660,1327 685,1326 711,1325 737,1326 763,1331 789,1340 815,1341 848,1346 874,1350 900,1351 926,1351 953,1351 979,1352 1005,1353 1031,1353 1058,1355 1084,1354 1110,1353 1136,1351 1163,1353 1221,1349 1246,1350 1271,1350 1296,1347 1321,1345 1347,1345 1372,1345 1397,1344 1422,1343 1448,1341 1473,1339 1498,1342 1523,1338 1549,1335"/>
                <TextEquiv>
                    <Unicode>sein scheinen, wird es wohl so</Unicode>
                </TextEquiv>
            </TextLine>
            <TextLine id="l_5" custom="readingOrder {index:8;}">
                <Coords points="49,1471 159,1446 237,1483 313,1449 390,1473 474,1453 625,1463 623,1424 298,1426 200,1401 159,1365 47,1375"/>
                <Baseline points="59,1439 85,1441 111,1440 137,1439 163,1439 189,1439 215,1442 241,1445 267,1446 293,1447 319,1447 345,1449 371,1449 376,1444 628,1452"/>
                <TextEquiv>
                    <Unicode>sein. – – –</Unicode>
                </TextEquiv>
            </TextLine>
            <TextLine id="l_10" custom="readingOrder {index:9;} paragraph {offset:0; length:5;}">
                <Coords points="178,1596 562,1628 787,1575 1130,1638 1259,1591 1579,1669 1577,1401 1348,1471 1103,1418 727,1496 644,1448 590,1487 505,1461 376,1524 286,1467 178,1530"/>
                <Baseline points="189,1575 214,1573 240,1574 265,1575 291,1575 316,1575 342,1571 367,1570 393,1571 418,1572 444,1572 469,1573 495,1571 561,1571 587,1571 613,1574 639,1574 665,1573 692,1573 718,1573 744,1575 770,1573 796,1573 823,1576 849,1576 875,1574 901,1573 927,1574 954,1574 1125,1584 1155,1583 1185,1585 1222,1582 1251,1581 1280,1581 1309,1583 1338,1581 1367,1583 1396,1582 1421,1575 1457,1573 1494,1572 1498,1575 1579,1572 1579,1577"/>
                <TextEquiv>
                    <Unicode>Viele, viele herzliche»Danke« für</Unicode>
                </TextEquiv>
            </TextLine>
            <TextLine id="l_12" custom="readingOrder {index:10;}">
                <Coords points="80,1747 319,1743 439,1792 691,1716 977,1769 1199,1728 1522,1749 1522,1686 1401,1612 1028,1710 844,1645 699,1675 607,1612 394,1681 80,1641"/>
                <Baseline points="91,1718 116,1724 141,1726 166,1729 191,1731 216,1731 241,1729 266,1727 291,1728 316,1729 341,1725 415,1719 440,1717 466,1718 491,1719 517,1719 542,1719 568,1719 593,1719 619,1718 644,1715 670,1715 696,1712 752,1720 780,1717 808,1715 836,1715 864,1716 892,1718 920,1720 949,1727 1015,1722 1040,1726 1066,1727 1091,1726 1117,1725 1143,1725 1168,1723 1194,1723 1219,1723 1245,1723 1271,1723 1296,1723 1322,1723 1347,1721 1373,1719 1399,1722 1424,1724 1450,1725 1475,1726 1501,1727 1527,1727"/>
                <TextEquiv>
                    <Unicode>Ihren geschriebenen Samariter¬</Unicode>
                </TextEquiv>
            </TextLine>
            <TextLine id="l_15" custom="readingOrder {index:11;}">
                <Coords points="67,1882 300,1890 415,1965 513,1904 711,1945 1021,1875 1222,1967 1579,1933 1577,1765 1422,1800 1295,1733 1191,1741 1093,1822 883,1816 789,1735 496,1841 343,1749 225,1810 67,1782"/>
                <Baseline points="77,1869 103,1872 130,1873 157,1872 184,1872 211,1873 238,1873 265,1875 301,1871 337,1872 373,1876 488,1870 515,1873 542,1875 569,1875 595,1873 621,1872 647,1871 673,1871 699,1870 725,1867 751,1870 777,1871 803,1871 847,1873 895,1873 918,1873 954,1877 991,1879 1016,1874 1042,1875 1068,1878 1094,1878 1120,1878 1146,1879 1172,1879 1198,1877 1218,1879 1243,1876 1269,1878 1295,1880 1321,1879 1347,1878 1373,1879 1399,1879 1425,1881 1451,1880 1477,1880 1503,1881 1529,1881 1555,1881 1581,1883"/>
                <TextEquiv>
                    <Unicode>dienst – und ebenso viel herzliche</Unicode>
                </TextEquiv>
            </TextLine>
            <TextLine id="tr_1_tl_55" custom="readingOrder {index:12;}">
                <Coords points="88,2043 170,2053 241,2025 272,2047 337,2031 402,2061 398,1933 333,1959 294,1931 227,1925 153,1876 108,1912 84,1902"/>
                <Baseline points="99,2023 124,2023 150,2023 175,2024 201,2025 226,2025 252,2027 277,2029 303,2030 328,2030 354,2029 379,2029 405,2029"/>
                <TextEquiv>
                    <Unicode>Grüße!</Unicode>
                </TextEquiv>
            </TextLine>
            <TextLine id="l_11" custom="readingOrder {index:13;} closer {offset:0; length:27; continued:true;}">
                <Coords points="135,2208 648,2200 878,2147 934,2182 1095,2164 1191,2239 1295,2170 1500,2145 1506,1998 1318,1974 1054,2086 840,2084 740,2000 513,2092 335,2029 141,2074"/>
                <Baseline points="145,2183 171,2182 197,2181 224,2181 250,2181 276,2181 303,2180 329,2178 355,2175 382,2174 408,2176 434,2173 461,2173 487,2170 513,2170 540,2171 566,2171 592,2170 619,2166 645,2163 672,2165 862,2143 888,2143 914,2144 940,2143 966,2142 992,2141 1019,2142 1045,2143 1071,2143 1097,2143 1123,2141 1149,2141 1176,2142 1202,2143 1228,2142 1254,2141 1280,2140 1307,2137 1433,2131 1469,2131 1505,2137"/>
                <TextEquiv>
                    <Unicode>Stets dankbarer und mit un¬</Unicode>
                </TextEquiv>
            </TextLine>
            <TextLine id="l_13" custom="readingOrder {index:14;} closer {offset:0; length:24; continued:true;}">
                <Coords points="127,2325 319,2313 498,2360 668,2313 1240,2307 1240,2245 1030,2161 954,2204 832,2170 715,2243 627,2182 564,2221 392,2200 284,2264 129,2243"/>
                <Baseline points="141,2307 176,2305 211,2303 237,2303 263,2306 289,2308 315,2305 341,2307 368,2305 394,2306 420,2308 446,2309 472,2308 499,2308 525,2311 551,2309 577,2307 603,2307 630,2308 656,2308 682,2306 708,2305 735,2302 827,2301 853,2299 879,2299 905,2299 931,2299 957,2299 983,2298 1009,2295 1036,2293 1062,2293 1088,2292 1114,2290 1140,2288 1166,2287 1192,2287 1218,2287 1245,2287"/>
                <TextEquiv>
                    <Unicode>veränderlicher Verehrung</Unicode>
                </TextEquiv>
            </TextLine>
            <TextLine id="l_1342" custom="readingOrder {index:15;} signed {offset:0; length:13;} closer {offset:0; length:13; continued:true;}">
                <Coords points="699,2493 1457,2472 1459,2362 1401,2345 1310,2415 1250,2378 1199,2401 1083,2294 917,2364 834,2311 701,2327"/>
                <Baseline points="711,2474 1463,2462"/>
                <TextEquiv>
                    <Unicode>Elsa Plessner</Unicode>
                </TextEquiv>
            </TextLine>
            <TextLine id="tr_1_tl_62" custom="readingOrder {index:16;} postscript {offset:0; length:58;} work {offset:16; length:6;} work {offset:28; length:7;} date {offset:41; length:9;}">
                <Coords points="12,2484 366,2472 627,2499 625,2405 607,2401 515,2433 411,2388 221,2388 188,2417 12,2433"/>
                <Baseline points="23,2471 53,2471 83,2469 114,2469 144,2469 175,2467 205,2467 235,2467 266,2467 296,2467 327,2467 357,2467 387,2467 418,2471 448,2473 479,2473 509,2475 539,2479 570,2481 600,2481 631,2481"/>
                <TextEquiv>
                    <Unicode>P.S. Haben Sie »Warten« im »Magazin« vom 23. Juli bemerkt?</Unicode>
                </TextEquiv>
            </TextLine>
            <TextEquiv>
                <Unicode></Unicode>
            </TextEquiv>
        </TextRegion>
    </Page>
</PcGts>
