4007 6692
576 937 3580 1173 kunft wünschen, ich bleibe noch drei
595 1225 3623 1434 Wochen zumindest. Mein Leben ist hier
642 1409 3559 1716 vielfältig durch die Start und doch ge¬
650 1679 3735 1930 schlossener durch das Fremdsein, das nur
669 1889 3735 2120 die Freundschaft einiger guter Menschen
697 2103 3727 2399 zum doppelten Glück macht. Bewahren Sie
705 2338 3810 2597 mir gutes Gedenken, überbringen Sie Ihrer
726 2592 3742 2846 Frau Gemahlin beste Empfehlungen und
662 2862 3739 3064 seien Sie aufrichtigst gegrüsst von Ihrem
724 3100 1794 3358 treu ergebenen
2648 3518 3668 3938 Stefan Zweig
676 4056 2500 4336 Paul Morissen's Adresse ist
975 4314 2217 4516 Mercure de France
1269 4492 2374 4738 26, rue de Condé
