1595 2014
106 0 1492 150 Wien, I. Spiegelgasse No 2, den 23. October 1897.
1164 103 1437 224 Telef. Nr 7819
361 178 1191 342 Verehrter Herr Doctor!
169 389 1536 535 Nachdem ich Sie einige Zeit in Ruhe gelas¬
36 503 1487 604 sen habe, übermittle ich heute wieder einmal eine
19 589 1109 708 neue kleine Arbeit Ihrem Urtheil.
65 672 1453 847 Wenn sie Ihnen gefiele, würde ich mich
34 750 1528 885 sehr, sehr freuen. Ich glaube, relativ anstän¬
36 856 1523 1025 dig, das heisst ohne stylistische Schlampereien
46 947 1508 1135 gearbeitet zu haben. Vielleicht ist dieser
59 1052 1508 1192 Märchenstyl ein wenig »cliché« allein ich
19 1154 1546 1308 habe ihn mit Vorbedacht benutzt, und zwar
51 1255 1521 1418 gerade die gebräuchlichsten Wendungen, blos
46 1303 1561 1487 von der besseren, satirischen Wirkung halber.
61 1432 1511 1639 Natürlich nehme ich das Ding nicht als »grande
30 1544 1513 1735 chose«, allein ich habe seit 3/4 Jahren meine
42 1656 1491 1842 Feder überhaupt nur zu Briefen spazieren
80 1754 1565 1984 geführt. Darum ist mir »Irmaals Kun¬
