1591 1891
41 39 712 169 mer« sehr werth....
96 103 1518 323 Ein neues Stück liegt auf der Pfanne.
41 280 1445 458 Ende Dezember dürften Sie davon ereilt
9 393 1503 556 werden, Sie, verehrter Herr, der Sie so liebens¬
11 511 1477 678 würdig der Puffer meines künstlerischen
0 637 1514 812 Zuges sind. – – Wenn es mir endlich ein¬
23 742 1518 902 mal was werden möchte. Weiß wirklich
13 853 1039 1009 nicht, wie es ausfallen wird.
115 962 543 1129 Abwarten!
257 1035 1443 1244 Viele, viele Grüste in aufrichtiger,
103 1199 937 1317 waschechter Verehrung
761 1309 1375 1631 Elsa Plessner
