3991 6686
711 1063 1012 1126 Zweig
2395 1146 3069 1369 VIII. Kochgasse
2622 1354 2887 1480 Wien,
3046 1132 3578 1438 20 II. 14
504 1917 3437 2244 Sehr verehrter Herr Doktor, em¬
572 2252 3622 2576 pfangen Sie meinen herzlichen Glück¬
592 2557 3651 2964 wunsch zur erfolgreichen Auferstehung
621 2923 3507 3259 des »Einsamen Weges«. Durch alle Un¬
645 3197 3428 3564 zulänglichkeit mancher Darsteller
662 3503 3543 3773 habe ich gestern abends wieder diese
650 3825 3565 4101 Menschen gespürt, die seit Jahren wie
661 4076 3616 4376 wirklich begegnete in meinem Leben
676 4359 3617 4639 sind und bin froh wieder Ihrer Mei¬
675 4603 3620 4933 sterschaft bewusst geworden. Ich habe ja
676 4876 3588 5220 keine Berufung darüber zu sprechen,
682 5182 3632 5539 aber immer bei Ihren Werken, wenn
692 5485 3646 5884 ich ihnen auf der Bühne oder im Buch
