<?xml version="1.0" encoding="UTF-8" standalone="yes"?>
<PcGts xmlns="http://schema.primaresearch.org/PAGE/gts/pagecontent/2013-07-15" xmlns:xsi="http://www.w3.org/2001/XMLSchema-instance" xsi:schemaLocation="http://schema.primaresearch.org/PAGE/gts/pagecontent/2013-07-15 http://schema.primaresearch.org/PAGE/gts/pagecontent/2013-07-15/pagecontent.xsd">
    <Metadata>
        <Creator>prov=University of Rostock/Institute of Mathematics/CITlab|PLANET AI GmbH/Gundram Leifert/gundram.leifert@planet-ai.de:name=Zweig_Stefan_final_neu(htr_id=39110)::::v=2.6.7
prov=University of Rostock/Institute of Mathematics/CITlab|PLANET AI GmbH/Tobias Gruening/tobias.gruening@planet-ai.de:name=de.uros.citlab.module.baseline2polygon.B2PSeamMultiOriented:v=2.6.7
prov=READ-COOP:name=PyLaia@TranskribusPlatform:version=0.6.8:model_id=35909:lm=none:date=29_03_2022_11:30
prov=READ-COOP:name=PyLaia@Transkribus:version=0.6.8:model_id=35909:date=29_03_2022_11:29
prov=University of Rostock/Institute of Mathematics/CITlab|PLANET AI GmbH/Tobias Gruening/tobias.gruening@planet-ai.de:name=de.uros.citlab.module.baseline2polygon.B2PSeamMultiOriented:v=2.6.7</Creator>
        <Created>2022-03-29T10:06:24.934+02:00</Created>
        <LastChange>2025-05-19T16:15:04.853+02:00</LastChange>
    </Metadata>
    <Page imageFilename="0051_00051 MS-SCHNITZLER-B-00118-000-00054-0.jpg" imageWidth="3991" imageHeight="6686">
        <ReadingOrder>
            <OrderedGroup id="ro_1747833866828" caption="Regions reading order">
                <RegionRefIndexed index="0" regionRef="r1"/>
            </OrderedGroup>
        </ReadingOrder>
        <TextRegion orientation="0.0" id="r1" custom="readingOrder {index:0;}">
            <Coords points="472,1126 472,5894 3638,5894 3638,1126"/>
            <TextLine id="r1l1" custom="readingOrder {index:0;}">
                <Coords points="453,1350 820,1253 1217,1350 2097,1236 3344,1273 3377,1094 3093,1054 2842,1174 2425,1019 816,1191 577,1011 450,1051"/>
                <Baseline points="472,1242 616,1246 760,1250 905,1252 1049,1252 1194,1252 1338,1252 1482,1250 1627,1248 1771,1245 1916,1242 2060,1239 2204,1236 2349,1234 2493,1230 2638,1228 2782,1228 2926,1226 3071,1227 3215,1228 3360,1232"/>
                <TextEquiv>
                    <Unicode>ihnen neuerlich nahe trete, ist es</Unicode>
                </TextEquiv>
            </TextLine>
            <TextLine id="r1l2" custom="readingOrder {index:1;}">
                <Coords points="462,1558 1254,1620 2817,1492 3404,1590 3403,1443 2983,1305 1641,1440 1477,1316 461,1387"/>
                <Baseline points="480,1524 625,1526 770,1526 915,1526 1060,1526 1206,1524 1351,1522 1496,1520 1641,1518 1786,1516 1932,1512 2077,1510 2222,1510 2367,1508 2512,1508 2658,1508 2803,1510 2948,1512 3093,1517 3238,1522 3384,1530"/>
                <TextEquiv>
                    <Unicode>mir Bedürfnis ein Wort an Sie zu</Unicode>
                </TextEquiv>
            </TextLine>
            <TextLine id="r1l3" custom="readingOrder {index:2;}">
                <Coords points="511,1858 1661,1797 3352,1941 3504,1868 3505,1619 2907,1636 2724,1763 2162,1601 1611,1719 1285,1593 1040,1728 897,1623 512,1636"/>
                <Baseline points="532,1818 679,1818 827,1816 975,1816 1122,1814 1270,1814 1418,1812 1565,1812 1713,1810 1861,1810 2009,1810 2156,1810 2304,1810 2452,1812 2599,1814 2747,1816 2895,1820 3042,1824 3190,1828 3338,1834 3486,1840"/>
                <TextEquiv>
                    <Unicode>richten, Ihnen irgendwie zu danken für</Unicode>
                </TextEquiv>
            </TextLine>
            <TextLine id="r1l4" custom="readingOrder {index:3;}">
                <Coords points="507,2124 3414,2152 3416,1939 3093,1994 2718,1882 2554,1993 2403,1902 1568,2030 1352,1865 986,1977 509,1950"/>
                <Baseline points="526,2088 669,2086 812,2086 956,2084 1099,2084 1243,2082 1386,2082 1529,2082 1673,2082 1816,2082 1960,2082 2103,2084 2246,2086 2390,2088 2533,2090 2677,2094 2820,2098 2963,2103 3107,2108 3250,2114 3394,2122"/>
                <TextEquiv>
                    <Unicode>Alles was Sie uns gegeben haben. Ich</Unicode>
                </TextEquiv>
            </TextLine>
            <TextLine id="r1l5" custom="readingOrder {index:4;}">
                <Coords points="487,2357 1702,2359 1918,2462 2443,2359 3207,2472 3452,2408 3455,2172 3236,2294 2973,2194 2316,2253 2209,2158 489,2229"/>
                <Baseline points="506,2350 652,2350 798,2350 945,2352 1091,2352 1238,2352 1384,2354 1530,2356 1677,2358 1823,2359 1970,2360 2116,2362 2262,2364 2409,2366 2555,2368 2702,2370 2848,2372 2994,2374 3141,2376 3287,2376 3434,2378"/>
                <TextEquiv>
                    <Unicode>meine nie das Einzelne damit und</Unicode>
                </TextEquiv>
            </TextLine>
            <TextLine id="r1l6" custom="readingOrder {index:5;} work {offset:20; length:12;}">
                <Coords points="517,2718 3212,2635 3343,2738 3444,2700 3446,2537 3229,2457 3049,2556 2452,2547 2313,2429 1741,2575 1428,2424 519,2509"/>
                <Baseline points="536,2630 680,2628 825,2626 969,2626 1114,2626 1258,2628 1403,2628 1547,2630 1692,2632 1836,2634 1981,2636 2125,2638 2270,2640 2414,2642 2559,2644 2703,2646 2848,2646 2992,2648 3137,2648 3281,2648 3426,2648"/>
                <TextEquiv>
                    <Unicode>gerade gestern, im »Einsamen Weg«</Unicode>
                </TextEquiv>
            </TextLine>
            <TextLine id="r1l7" custom="readingOrder {index:6;}">
                <Coords points="507,2915 1183,2877 1787,2998 2774,2908 3239,3020 3519,2928 3520,2711 2984,2828 2826,2722 2619,2825 2321,2730 2134,2837 1638,2705 1214,2819 508,2721"/>
                <Baseline points="526,2906 674,2904 823,2902 972,2902 1120,2902 1269,2902 1418,2902 1566,2904 1715,2904 1864,2906 2013,2907 2161,2908 2310,2910 2459,2912 2607,2914 2756,2916 2905,2916 3053,2918 3202,2920 3351,2920 3500,2920"/>
                <TextEquiv>
                    <Unicode>der mir vor Jahren, als er das letzte</Unicode>
                </TextEquiv>
            </TextLine>
            <TextLine id="r1l8" custom="readingOrder {index:7;}">
                <Coords points="515,3224 3656,3209 3657,3092 3452,3012 3253,3099 2863,2966 2632,3095 2090,2968 1685,3083 1473,2972 517,3084"/>
                <Baseline points="534,3188 689,3182 844,3178 999,3174 1154,3172 1310,3172 1465,3172 1620,3172 1775,3174 1930,3176 2086,3180 2241,3182 2396,3186 2551,3190 2706,3194 2862,3198 3017,3200 3172,3204 3327,3207 3482,3210 3638,3212"/>
                <TextEquiv>
                    <Unicode>war, auch das liebste Ihrer Stücke schien,</Unicode>
                </TextEquiv>
            </TextLine>
            <TextLine id="r1l9" custom="readingOrder {index:8;}">
                <Coords points="504,3495 2887,3452 3480,3541 3636,3504 3638,3306 3134,3257 2589,3383 1795,3246 506,3297"/>
                <Baseline points="522,3452 676,3450 831,3448 986,3448 1140,3448 1295,3448 1450,3448 1604,3450 1759,3450 1914,3452 2069,3454 2223,3456 2378,3458 2533,3462 2687,3464 2842,3468 2997,3470 3151,3474 3306,3476 3461,3480 3616,3482"/>
                <TextEquiv>
                    <Unicode>ist mir bewusst geworden, wie stark in</Unicode>
                </TextEquiv>
            </TextLine>
            <TextLine id="r1l10" custom="readingOrder {index:9;}">
                <Coords points="513,3764 3618,3778 3619,3608 3395,3544 2804,3622 2521,3527 515,3551"/>
                <Baseline points="532,3724 685,3720 838,3716 992,3712 1145,3710 1299,3708 1452,3708 1605,3708 1759,3708 1912,3710 2066,3710 2219,3712 2372,3714 2526,3716 2679,3719 2833,3722 2986,3724 3139,3726 3293,3730 3446,3732 3600,3734"/>
                <TextEquiv>
                    <Unicode>Ihrer Kunst seitdem der Zusammenschluss</Unicode>
                </TextEquiv>
            </TextLine>
            <TextLine id="r1l11" custom="readingOrder {index:10;}">
                <Coords points="513,4025 2826,3989 3311,4094 3397,4075 3397,3784 2725,3881 1922,3764 1720,3889 1596,3799 513,3881"/>
                <Baseline points="534,3992 676,3990 818,3987 960,3986 1102,3984 1245,3982 1387,3982 1529,3982 1671,3982 1813,3982 1956,3982 2098,3984 2240,3984 2382,3984 2524,3985 2667,3986 2809,3986 2951,3986 3093,3986 3235,3986 3378,3986"/>
                <TextEquiv>
                    <Unicode>aller innerlichen Kräfte geworden ist,</Unicode>
                </TextEquiv>
            </TextLine>
            <TextLine id="r1l12" custom="readingOrder {index:11;}">
                <Coords points="507,4298 2657,4240 3418,4343 3538,4312 3539,4044 507,4150"/>
                <Baseline points="528,4242 677,4244 827,4248 976,4250 1126,4252 1275,4252 1425,4252 1574,4252 1724,4252 1873,4252 2023,4250 2172,4250 2322,4250 2471,4250 2621,4250 2770,4250 2920,4250 3069,4252 3219,4254 3368,4256 3518,4260"/>
                <TextEquiv>
                    <Unicode>wie Manches, was hier noch Andeutung</Unicode>
                </TextEquiv>
            </TextLine>
            <TextLine id="r1l13" custom="readingOrder {index:12;} work {offset:9; length:11;} work {offset:31; length:4; continued:true;}">
                <Coords points="515,4585 2841,4536 3115,4651 3505,4531 3505,4438 3196,4322 2989,4475 2750,4314 1818,4308 1697,4408 925,4349 812,4437 518,4353"/>
                <Baseline points="534,4510 681,4505 829,4502 976,4498 1124,4498 1272,4498 1419,4498 1567,4500 1714,4502 1862,4504 2010,4506 2157,4510 2305,4512 2452,4516 2600,4518 2748,4520 2895,4522 3043,4524 3190,4526 3338,4524 3486,4524"/>
                <TextEquiv>
                    <Unicode>ist, im »Weiten Land« und der »Frau</Unicode>
                </TextEquiv>
            </TextLine>
            <TextLine id="r1l14" custom="readingOrder {index:13;} work {offset:0; length:5; continued:true;} textStyle {offset:20; length:2;strikethrough:true;}">
                <Coords points="535,4845 1868,4749 2370,4873 3625,4842 3628,4617 3477,4599 2940,4672 1199,4572 987,4681 539,4565"/>
                <Baseline points="556,4772 708,4770 860,4768 1013,4768 1165,4768 1318,4768 1470,4770 1622,4770 1775,4772 1927,4774 2080,4776 2232,4779 2384,4782 2537,4786 2689,4790 2842,4794 2994,4798 3146,4802 3299,4806 3451,4810 3604,4814"/>
                <TextEquiv>
                    <Unicode>Beate« schöpferisch au sich ausgebaut hat.</Unicode>
                </TextEquiv>
            </TextLine>
            <TextLine id="r1l15" custom="readingOrder {index:14;}">
                <Coords points="512,5063 3624,5130 3538,4938 2982,4987 2712,4866 2342,4964 515,4881"/>
                <Baseline points="532,5026 685,5028 839,5030 992,5033 1146,5036 1300,5038 1453,5040 1607,5042 1760,5044 1914,5046 2068,5050 2221,5052 2375,5054 2528,5058 2682,5060 2836,5064 2989,5067 3143,5070 3296,5075 3450,5078 3604,5084"/>
                <TextEquiv>
                    <Unicode>Es ist für mich ein grosser Genuss, spüren</Unicode>
                </TextEquiv>
            </TextLine>
            <TextLine id="r1l16" custom="readingOrder {index:15;}">
                <Coords points="501,5405 1376,5288 1879,5395 2493,5313 2861,5430 3549,5349 3550,5206 3113,5138 504,5176"/>
                <Baseline points="520,5314 670,5312 821,5310 971,5308 1122,5308 1272,5306 1423,5306 1573,5306 1724,5306 1874,5308 2025,5310 2175,5311 2326,5314 2476,5316 2627,5320 2777,5324 2928,5328 3078,5334 3229,5340 3379,5345 3530,5352"/>
                <TextEquiv>
                    <Unicode>zu dürfen wie organisch sich über das</Unicode>
                </TextEquiv>
            </TextLine>
            <TextLine id="r1l17" custom="readingOrder {index:16;}">
                <Coords points="490,5568 718,5667 1131,5543 3222,5636 3463,5585 3465,5410 3115,5503 2604,5400 1823,5470 1494,5357 491,5455"/>
                <Baseline points="510,5566 656,5566 803,5566 949,5566 1096,5568 1243,5568 1389,5568 1536,5570 1682,5570 1829,5572 1976,5574 2122,5575 2269,5576 2415,5579 2562,5581 2709,5584 2855,5586 3002,5588 3148,5592 3295,5596 3442,5598"/>
                <TextEquiv>
                    <Unicode>einzelne Werk hinaus Ihre Motive ent¬</Unicode>
                </TextEquiv>
            </TextLine>
            <TextLine id="r1l18" custom="readingOrder {index:17;}">
                <Coords points="486,5823 3524,5890 3565,5728 2972,5644 2765,5766 2549,5624 1749,5713 1529,5590 487,5680"/>
                <Baseline points="504,5814 656,5812 808,5812 960,5812 1112,5812 1264,5812 1416,5814 1568,5814 1720,5816 1872,5816 2024,5818 2176,5820 2328,5822 2480,5824 2632,5827 2784,5830 2936,5832 3088,5834 3240,5838 3392,5840 3544,5844"/>
                <TextEquiv>
                    <Unicode>wickeln, wie Ihr ganzes Schaffen gleichsam</Unicode>
                </TextEquiv>
            </TextLine>
            <TextEquiv>
                <Unicode>ihnen nenerlich nahe trete, ist esmir Bedürfms ein Wort an Sie zurichten. Ihnen irgendwie zu danken füAlles was Sie ans gegeben haben. Ichmeine nie das Einzelne damit undgerade gestern, im Einsemen Wegder mir vor Jahren, als er das letztewar auch das liebste Ihrer Stücke schienist mir bewusst geworden, wie stark inIhrer lunst seitdem der Zusammenschlussaller innerlichen Kräfte geworden ist,wie Mlanches, was hier noch Andeutungist, im, beiten Land‟ und der „FrauBeäte schöpferisch a sich ausgebaut hat.Es ist für mich ein grosser Genuss, Ihrenzu dürfen wie Organisch sich über daseinzelne Werk hinaus Ihre Motive entwicheln, wie Ihr ganzes Schaffen gleichsam</Unicode>
            </TextEquiv>
        </TextRegion>
    </Page>
</PcGts>
