1796 2155
89 15 1675 302 sie meine Arbeit nicht nur schädi¬
66 233 1624 448 gen, sondern direct umbringen.
55 351 1726 527 Spuren einer redactionellen Thätig¬
142 465 1749 687 keit werden sie in dem Manuscript
70 567 1263 791 genügend vorfinden. – – –
80 692 734 857 Ich bin doch nicht verpflichtet,
70 816 1743 1013 für die Moral der Leser der »Wage« zu
102 926 1686 1151 sorgen und ihre Sittlichkeit zu
123 1060 1626 1227 behüten. Die »inciminirten«
85 1189 1707 1349 Stellen der Arbeit habe ich mir
91 1307 1764 1512 im Interesse derselben abzwingen
82 1432 1669 1618 müssen, denn Sie können es
70 1550 1660 1791 mir glauben, auch ich schreibe
40 1660 1736 1861 so etwas nicht gerne nieder. Aber
95 1798 1728 2039 was ich als Mädchen über mich
