3991 6686
510 995 3699 1323 symphonisch in Anklang und Widerklang
547 1253 3559 1544 die gewisse persönlichste menschliche The-
558 1566 3670 1849 men verarbeitet und wie eigentlich alle
561 1791 3547 2061 diese einzelnen Dramen von einer ge¬
576 1991 3559 2290 wissen Ferne der Jahre, auf von der notwen¬
577 2275 3532 2552 digen Erhebung des Alters gesehen, eine
598 2516 3494 2874 complexe Gesammtheit bilden. Es gibt
601 2790 3508 3100 darum für mich eigentlich nicht fwie
646 3013 3412 3366 für die meisten (die Ihre Werke in
632 3279 3642 3577 erster Linie als Theaterstücke werten) ein
631 3544 3638 3801 Mehr- oder Minder des Gefallens, ich wehre
655 3791 3555 4104 mich gegen den Vergleich und freue
652 4031 3707 4327 mich Ihnen immer und immer wieder
677 4285 3570 4638 für das Ganze danken zu können. Es
687 4539 3627 4888 sei heute und nicht zum letzten Mal
679 4808 3425 5150 aus aufrichtiger Empfindung getan.
1124 5118 3604 5418 Lebhaft leid ist es mir, dass
689 5379 3495 5672 Sie mir so lange nicht erlaubten,
665 5634 3572 5874 Sie sehen zu dürfen. Ich reise nun
