1788 2179
90 76 1571 327 gewinnen kann zu schreiben:
29 244 1672 462 das ist noch immer zahm genug,
58 372 1592 563 dass es die »Wage« die doch kein
105 485 1692 700 Familienblatt ist – ruhig abdrucker
45 653 573 750 kann. – – –
119 653 1686 848 Ansonsten bin ich sehr gespannt
21 803 1661 1008 auf Ihr Urtheil über diese Arbeit.
92 955 1600 1134 Es ist die erst, etwas größere, und
35 1062 1616 1253 ausgeführtere Novelle im Gegensatz
47 1179 1651 1399 zu meinen früheren Skizzen. –
99 1298 1495 1481 – Nur eine Bitte habe ich: –
70 1415 1565 1612 Lesen Sie sie auf einen Zug
33 1534 1563 1744 und ungestört durch, wenn ich
62 1635 1713 1879 auch länger auf Ihren Ausspruch
117 1811 852 2002 zappeln muss. –
21 1900 1175 2062 In unveränderlicher Verehrung
1218 1816 1692 2017 Prosit Neujahr!
1049 1947 1651 2132 Elsa Plessner
