3991 6686
410 958 3449 1303 wieder von Wien fort, mit kurzer
435 1263 3368 1627 Unterbrechung eigentlich für lange,
448 1579 3419 1925 aber ich nehme alle Verehrung und
452 1862 3570 2173 Liebe für Sie und Ihr Werk getreulich
454 2163 3585 2462 mit. Nur meines Dankes einen Teil woll¬
455 2406 3589 2711 te ich Ihnen heute zurücklassen, da mir
457 2666 3414 3073 gestern Ihr Stück diese Verpflichtung
466 2984 3121 3286 neuerlich voll bewusst gemacht.
1253 3293 3512 3632 In inniger Verehrung Ihr
2465 3711 3542 4265 Stefan Zweig
