5002 4345
3443 1120 4208 1349 VIII. Kochgasse 8.
502 1499 4514 1851 Verehrter Herr Doktor, ich bin sehr unglücklich:
515 1817 4285 2098 Sie haben mih vergebens angerufen. Aber ich
526 2084 4573 2352 unterschätzte das Militär und meinte, dass wenn
523 2326 4443 2607 man um 6 Uhr früh ausrückte das Salutieren zu
530 2610 4486 2884 erlernen, um 12 Uhr schon zu Hause sein könnte.
540 2856 4428 3149 In Wirklichkeit wurde es 4 Uhr und ich weiss noch
545 3089 4519 3379 nicht bestimmt, ob ich die Materie beherrsche. All
496 3339 4501 3609 das sind Vorbereitungen für meinen Dienst: am 1. Dez.
