<?xml version="1.0" encoding="UTF-8" standalone="yes"?>
<PcGts xmlns="http://schema.primaresearch.org/PAGE/gts/pagecontent/2013-07-15" xmlns:xsi="http://www.w3.org/2001/XMLSchema-instance" xsi:schemaLocation="http://schema.primaresearch.org/PAGE/gts/pagecontent/2013-07-15 http://schema.primaresearch.org/PAGE/gts/pagecontent/2013-07-15/pagecontent.xsd">
    <Metadata>
        <Creator>prov=University of Rostock/Institute of Mathematics/CITlab|PLANET AI GmbH/Gundram Leifert/gundram.leifert@planet-ai.de:name=Zweig_Stefan_final_neu(htr_id=39110)::::v=2.6.7
prov=University of Rostock/Institute of Mathematics/CITlab|PLANET AI GmbH/Tobias Gruening/tobias.gruening@planet-ai.de:name=de.uros.citlab.module.baseline2polygon.B2PSeamMultiOriented:v=2.6.7
prov=READ-COOP:name=PyLaia@TranskribusPlatform:version=0.6.8:model_id=35909:lm=none:date=29_03_2022_11:30
prov=READ-COOP:name=PyLaia@Transkribus:version=0.6.8:model_id=35909:date=29_03_2022_11:29
prov=University of Rostock/Institute of Mathematics/CITlab|PLANET AI GmbH/Tobias Gruening/tobias.gruening@planet-ai.de:name=de.uros.citlab.module.baseline2polygon.B2PSeamMultiOriented:v=2.6.7</Creator>
        <Created>2022-03-29T10:06:25.509+02:00</Created>
        <LastChange>2025-05-19T16:34:33.344+02:00</LastChange>
    </Metadata>
    <Page imageFilename="0055_00055 MS-SCHNITZLER-B-00118-000-00058.jpg" imageWidth="5002" imageHeight="4345">
        <ReadingOrder>
            <OrderedGroup id="ro_1747833866879" caption="Regions reading order">
                <RegionRefIndexed index="0" regionRef="r1"/>
            </OrderedGroup>
        </ReadingOrder>
        <TextRegion orientation="0.0" id="r1" custom="readingOrder {index:0;}">
            <Coords points="340,253 340,3609 4616,3609 4616,253"/>
            <TextLine id="r1l6" custom="readingOrder {index:0;} organization {offset:12; length:12;}">
                <Coords points="314,1137 4456,1123 4306,891 313,941"/>
                <Baseline points="340,1096 544,1092 748,1088 953,1085 1157,1082 1362,1078 1566,1076 1770,1074 1975,1072 2179,1070 2384,1068 2588,1066 2792,1066 2997,1064 3201,1064 3406,1066 3610,1066 3814,1068 4019,1070 4223,1072 4428,1074"/>
                <TextEquiv>
                    <Unicode>bin ich ins Kriegsarchiv einberufen und werde</Unicode>
                </TextEquiv>
            </TextLine>
            <TextLine id="r1l7" custom="readingOrder {index:1;} person {offset:25; length:7;} person {offset:37; length:7;}">
                <Coords points="347,1380 4102,1423 4578,1346 4577,1129 3724,1081 3328,1247 3062,1116 345,1153"/>
                <Baseline points="374,1340 583,1334 792,1328 1001,1323 1210,1318 1419,1315 1628,1312 1837,1310 2046,1308 2255,1306 2464,1306 2673,1306 2882,1306 3091,1306 3300,1306 3509,1306 3718,1306 3927,1308 4136,1308 4345,1310 4554,1310"/>
                <TextEquiv>
                    <Unicode>dort (unter Aufsicht von Bartsch und Ginzkey) die</Unicode>
                </TextEquiv>
            </TextLine>
            <TextLine id="r1l8" custom="readingOrder {index:2;}">
                <Coords points="352,1625 4642,1635 4641,1381 3651,1510 2433,1347 352,1456"/>
                <Baseline points="380,1590 591,1586 803,1582 1015,1578 1227,1574 1439,1572 1650,1568 1862,1566 2074,1564 2286,1562 2498,1560 2709,1560 2921,1560 3133,1562 3345,1563 3557,1566 3768,1568 3980,1572 4192,1578 4404,1584 4616,1590"/>
                <TextEquiv>
                    <Unicode>vielfach geheimen Documente des Krieges zu ordnen und</Unicode>
                </TextEquiv>
            </TextLine>
            <TextLine id="r1l9" custom="readingOrder {index:3;}">
                <Coords points="428,1915 4453,1841 4452,1698 4182,1620 427,1682"/>
                <Baseline points="452,1860 650,1847 849,1836 1048,1828 1247,1821 1446,1816 1644,1812 1843,1810 2042,1808 2241,1808 2440,1808 2638,1809 2837,1810 3036,1812 3235,1814 3434,1816 3632,1817 3831,1818 4030,1818 4229,1818 4428,1818"/>
                <TextEquiv>
                    <Unicode>zu gestalten haben, eine Arbeit auf die ich mich so</Unicode>
                </TextEquiv>
            </TextLine>
            <TextLine id="r1l10" custom="readingOrder {index:4;}">
                <Coords points="403,2132 4169,2124 4497,2064 4496,1873 3029,1976 1831,1823 402,1952"/>
                <Baseline points="428,2100 630,2088 832,2077 1034,2069 1236,2062 1438,2056 1640,2052 1842,2050 2044,2048 2246,2048 2448,2048 2650,2048 2852,2049 3054,2050 3256,2052 3458,2054 3660,2056 3862,2058 4064,2060 4266,2060 4468,2062"/>
                <TextEquiv>
                    <Unicode>sehr freue wie nur möglich, obzwar sie viel fordert. So</Unicode>
                </TextEquiv>
            </TextLine>
            <TextLine id="r1l11" custom="readingOrder {index:5;}">
                <Coords points="405,2344 4383,2311 4382,2163 3905,2081 3370,2216 3179,2101 2607,2093 2454,2216 1659,2083 404,2153"/>
                <Baseline points="430,2320 626,2318 822,2316 1019,2312 1215,2310 1412,2308 1608,2306 1804,2304 2001,2304 2197,2302 2394,2300 2590,2300 2786,2298 2983,2298 3179,2298 3376,2296 3572,2296 3768,2296 3965,2298 4161,2298 4358,2300"/>
                <TextEquiv>
                    <Unicode>versäumte ich die Freude, Sie sprechen zu können,</Unicode>
                </TextEquiv>
            </TextLine>
            <TextLine id="r1l12" custom="readingOrder {index:6;} place {offset:40; length:14;}">
                <Coords points="393,2603 3157,2527 4408,2652 4507,2402 392,2450"/>
                <Baseline points="418,2570 621,2566 824,2560 1027,2556 1230,2552 1433,2549 1636,2546 1839,2544 2042,2540 2245,2540 2449,2538 2652,2536 2855,2536 3058,2536 3261,2536 3464,2536 3667,2536 3870,2538 4073,2540 4276,2542 4480,2544"/>
                <TextEquiv>
                    <Unicode>auch die nächsten Tage exerciere ich in Klosterneuburg</Unicode>
                </TextEquiv>
            </TextLine>
            <TextLine id="r1l13" custom="readingOrder {index:7;}">
                <Coords points="398,2852 4524,2823 4522,2617 3955,2556 3633,2696 2827,2574 397,2678"/>
                <Baseline points="426,2818 629,2812 833,2808 1036,2804 1240,2800 1443,2796 1647,2794 1850,2792 2054,2790 2257,2788 2461,2788 2664,2788 2868,2788 3071,2788 3275,2788 3478,2788 3682,2788 3885,2788 4089,2788 4292,2788 4496,2788"/>
                <TextEquiv>
                    <Unicode>und bitte Sie darum, mir die Berichtigung brieflich</Unicode>
                </TextEquiv>
            </TextLine>
            <TextLine id="r1l14" custom="readingOrder {index:8;}">
                <Coords points="472,3177 1720,3022 2283,3142 4358,3077 4517,3038 4514,2831 2068,2949 1617,2849 1227,3003 1040,2873 468,2902"/>
                <Baseline points="496,3082 695,3076 895,3072 1094,3068 1294,3062 1494,3058 1693,3054 1893,3050 2092,3046 2292,3044 2492,3040 2691,3038 2891,3036 3090,3034 3290,3032 3490,3030 3689,3030 3889,3028 4088,3028 4288,3030 4488,3030"/>
                <TextEquiv>
                    <Unicode>zu senden – ich bin nicht mehr Herr meiner Zeit.</Unicode>
                </TextEquiv>
            </TextLine>
            <TextLine id="r1l15" custom="readingOrder {index:9;} closer {offset:0; length:44; continued:true;}">
                <Coords points="439,3381 3797,3329 3698,3145 3283,3070 3105,3174 2536,3086 2179,3205 1932,3078 1760,3225 1440,3110 436,3211"/>
                <Baseline points="466,3350 631,3344 796,3339 961,3334 1126,3329 1292,3324 1457,3320 1622,3315 1787,3310 1952,3306 2118,3303 2283,3300 2448,3296 2613,3293 2778,3290 2944,3288 3109,3285 3274,3283 3439,3281 3604,3280 3770,3278"/>
                <TextEquiv>
                    <Unicode>Viele viele Grüsse Ihres aufrichtig getreuen</Unicode>
                </TextEquiv>
            </TextLine>
            <TextLine id="r1l20" custom="readingOrder {index:10;} closer {offset:0; length:12; continued:true;} signed {offset:0; length:12;}">
                <Coords points="3314,3612 3521,3560 3658,3646 3769,3583 4103,3565 4484,3669 4638,3627 4639,3421 4555,3362 4401,3430 4253,3333 4100,3316 3956,3437 3808,3340 3707,3398 3581,3317 3400,3390 3316,3373"/>
                <Baseline points="3340,3550 3403,3552 3467,3554 3530,3556 3594,3558 3657,3560 3721,3562 3784,3564 3848,3565 3911,3566 3975,3568 4038,3568 4102,3569 4165,3570 4229,3568 4292,3568 4356,3566 4419,3564 4483,3562 4546,3558 4610,3554"/>
                <TextEquiv>
                    <Unicode>Stefan Zweig</Unicode>
                </TextEquiv>
            </TextLine>
            <TextEquiv>
                <Unicode>3t.ebin ich nd Kriegsarchir einterufen und werdedort (unter Aufsicht von Bartsch und Dinzken) dievielfach geleimen Drcumente des Krieges zu ordnen undzu gestalten haben, eine Arbeit auf die icl mich sosehr freue wie nur möglich, obzwar sie viel fordert. Soversäumte ich die Freude, Sie sprechen zu können auch die nächsten Tage eiereiere ich in Klosterneuburgund bitte Sie darum, mir die Berichtigung brieflichzu senden — ich bin nicht mehr Herr meiner Zeit-Vell viele früsse Ihres aufrichtig getreuenwun2ur4. PorerStefan ZweigSppgpiggt</Unicode>
            </TextEquiv>
        </TextRegion>
    </Page>
</PcGts>
