3980 6655
2387 1151 3071 1334 VIII. Kochgasse
2632 1287 2898 1448 Wien,
3097 1159 3481 1375 12. XII
436 1660 3513 2026 Verehrter Herr Doktor, Romain Rolland
505 1938 3438 2143 schreibt mir soeben »Je recois le noble
521 2154 3569 2404 ècrit de Arthur Schnitzler. Je le traduirai
504 2419 3338 2630 avec plaisir et je prierai Seippel de le
534 2623 3553 2903 faire paraître dans le Journal de Genèvre.
542 2885 3542 3116 (Envoyez moi un second exemplaire pour
576 3116 3391 3356 un journal de la Suisse Allemande.) Je
574 3294 3304 3542 crains seulement qu' on n' objecte que
574 3501 3464 3773 personne, ici ni en France, n' a entendu
582 3752 3402 3993 parler de ces mensonges; personne chez
563 3940 3329 4158 nons, n' a élevé, ni pensé a elever des
596 4194 3357 4425 accusations semblables contre A. S., ni
591 4376 3370 4665 contre aucun des principans écrivains
575 4606 1374 4812 allemands.«
603 4793 3468 5054 Ich freue mich für Sie, dass die Lügen
593 5020 3407 5387 also kurze Beine hatten und vorläufig
585 5259 3329 5564 nicht über Russland hinausgelaufen
586 5503 3510 5790 sind. Das Dementi kann aber doch nur
