2012 2414
157 46 1804 317 haben mir einmal geschrieben, dass
164 267 1876 415 Sie mir wie einem Schüler Aufgaben
153 387 1817 562 geben wollten! – – Das ermuthigt
155 527 1784 671 mich andrerseits wieder, Ihnen wie
129 630 1885 846 einem Professor meine Arbeiten zur
175 770 1417 1008 Correctur zu zeigen! –
326 969 1760 1174 Also kurz – – ich habe
171 1076 1920 1318 im Herbst ein Stück geschrieben!
225 1211 1874 1390 3 Acte Schauspiel. Es liegt jetzt
199 1351 1775 1526 über 2 Monate im Schreibtisch –
181 1458 1854 1723 und hat unter dem Einfluss Ihres
219 1537 1968 1819 »Vermächtnis« eine Änderung erfahren.
212 1760 1817 1937 Meine Heldin hieß – – – Toni!! –
203 1904 1845 2110 Folglich heißt sie zeigt anders! –
