3980 6655
493 913 3453 1209 von Vorteil sein. Wenn Sie noch ein
503 1165 3508 1442 Exemplar haben, so senden Sie es am
537 1397 3398 1670 besten direct an Romain Rolland
545 1641 2430 1941 Genf, Hôtel Beau Sejour.
1090 1819 3517 2112 Das kleine Gedicht für das Lied
619 2098 3465 2346 Ihrer Frau Gemahlin leistet der guten
653 2316 3569 2595 Verdeutschung hartnäckigen Widerstand.
646 2559 3512 2775 Hier wie überall offenbart sich's neuer¬
664 2782 3532 2990 lich, dass das Einfachste immer auch
660 2999 1886 3220 das Schwerste ist.
1221 3182 3550 3455 Ich bleibe in treuer Ergebenheit
682 3472 2150 3779 und Verehrung Ihr
2420 3769 3538 4218 Stefan Zweig
