1861 2313
175 139 1603 318 – (Wenn ich mir erlauben darf, eine
93 259 1712 412 Meiung zu äußern, so meine ich, dass
55 351 1576 539 die rührendste Figur Ihres Stückes –
93 473 1700 673 von einer Tragik, von einemr geradezu
57 593 1586 772 erschütternden Schicksalsschwere die
34 715 1664 919 Figur der Agnes ist – die ja etwas
36 835 1660 1003 im Schatten steht! – Ich weiß nicht,
57 951 1685 1096 ob blos für mich. Aber die Toni hat
48 1079 1618 1214 ihr Leben hinter sich hat etwas
29 1178 1717 1382 genossen und ist mir deshalb nicht
23 1300 1672 1523 so leid! – Die kleine Agnes hätte Iihr
72 1437 1534 1593 Leben vor sich, könnte ihr Glück
141 1569 1679 1723 bauen – und ihr werden die Bau¬
46 1660 1717 1843 steine aus der Hand geschlagen! Sie
29 1788 1601 1935 stirbt nicht dran – aber was in ihr
50 1925 1738 2100 stirbt – – das ist das beste, was so ein
97 2026 1675 2198 junges Ding hat.) – – Pardon für
