3980 6655
2346 1206 3041 1358 VIII. Kochgasse
2602 1315 2857 1465 Wien,
465 1668 3389 1951 Verehrter lieber Herr Doktor, Sie
466 1989 3527 2299 sind so gütig, meine bescheidene Mei¬
495 2275 3363 2597 nung in dieser Sache anzufragen
505 2550 3319 2816 und ich sage sie aufrichtigst. Ich
530 2772 3569 3075 glaube nur der erste Teil der Berich¬
512 3031 3494 3345 tigung ist notwendig, der zweite bloss
512 3304 3344 3571 eben nur eine Richtigstellung einer
525 3542 3545 3850 Veränderung, die niemanden beleidigt.
535 3772 3432 4071 Und im ersten Teile hätte ich so gerne
559 4055 3462 4382 von einem Manne Ihrer Gerechtigkeit
539 4286 3445 4592 eines gesehen: ein Wort des Positiven,
533 4542 3398 4846 der Bejahung. Ich glaube, nie war
532 4770 3569 5092 eine Zeit besser für das Bekennen, nie
549 5051 3549 5339 es notwendiger, die Unerschütterlichkeit
576 5259 3568 5636 unserer innern Überzeugungen gegen
572 5521 3601 5839 gewisse Versuche aufrechtzuerhalten, den
