3980 6655
380 895 3617 1247 politischen Constellationen unsere künst¬
436 1192 3494 1517 lerischen Empfindungen preiszugeben. Ich
441 1492 3536 1767 meine: es wäre schön und vorbildlich ge¬
468 1707 3466 1947 wesen (und zugleich die stärkste, die
497 1953 3576 2268 schlagendste Berichtigung jeder Entstellung),
526 2179 3636 2428 xxx wenn Sie an einer Stelle sagten, wie
530 2481 3526 2688 sehr Sie Tolstoi bewundern und auch
531 2653 3580 2915 Ihr Verhältnis zu France und Maeter¬
541 2886 3521 3248 linck in künstlerischer Bejahung an¬
539 3145 3584 3430 deuteten. Ich glaube, wir müssen ein
603 3388 3529 3689 Beispiel bei jedem Anlass geben, zu zei¬
599 3623 3559 3934 gen, dass unsere Neigungen nicht ein
603 3874 3530 4205 Tauschgeschäft auf Gegenliebe sind, son¬
585 4114 3560 4401 dern unerschütterlich selbst durch Hass
622 4366 3521 4700 und Anfeindung. Gerade weil Einige
669 4616 3547 4902 versuchen, jeden, der gegen Deutschland
627 4832 3550 5112 heute auftritt, zu negieren, statt seine
614 5089 3553 5361 Argumente zu befeinden, müssen wir
606 5353 3600 5616 unsere Unabhängigkeit in der eigensten
621 5574 3699 5831 engsten Welt unseres Standes und Wirkens
