3980 6655
386 876 3463 1120 mit sichtbarem Willen betonen. Nichts
408 1141 3516 1395 ist gemäßer in diesen Tagen als Wahr¬
425 1392 3457 1670 haftigkeit, die sich nicht einschüchtern
445 1617 3496 1900 lässt durch die Reden am Markt: ich
490 1859 3385 2154 glaube, wir sollen heute je als mehr unentwegt
480 2149 3478 2388 Tolstoi einen der wirklichsten Menschen
437 2338 3443 2615 aller Zeiten nennen und brauchen nicht
462 2609 3351 2910 zu zögern mit Ehrerbietung vor der
440 2822 3350 3129 Leistung eines Anatole France. Ein Ver¬
481 3094 3353 3421 meiden dieser Höflichkeitsbezeugung
478 3328 3326 3660 und dieser freien Zustimmung zu
463 3560 3357 3947 ihren Werken (die längst vor diesen
472 3793 3385 4156 Tagen entstanden) könnte leicht darauf
452 4060 3430 4410 deuten, wenn schon nicht eine Äusserung
430 4306 3439 4660 so sei doch Ihre Gesinnung jenen feind¬
455 4613 3493 4884 lich. Und das ist doch nicht Ihre Absicht.
993 4815 3416 5131 Ich wage natürlich nicht, diese
366 5128 3376 5361 meine Empfindung zur Ihren machen zu
383 5285 3448 5593 wollen: es ist nur eine Antwort auf Ihre
377 5502 3290 5814 gütige Frage. Gerne expediere ich den
