1839 2264
812 163 1120 281 den 26.
832 241 1095 380 I. 99.
879 772 1656 944 Verehrten Herr Doctor!
385 879 1721 1038 Ihre heutigen lieben Zeilen haben
375 970 1630 1101 eine Scene verursacht, die ich ihrer
402 1053 1650 1188 Komik halber Ihnen schildern
382 1123 1663 1244 muss. Also stellen Sie sich, vor –
390 1204 1513 1342 ich – im Bad, meine Schwester
380 1239 1641 1402 mit eiligem Schritt mir den (Ihre) Brief
377 1357 1557 1474 überbringend. Ich – mit eiligst
384 1435 1640 1590 getrockneten Aaber noch immer
377 1517 1631 1648 feuchten Fingern das unheilvolle
379 1598 1630 1754 Couvert ergreifend und – na –
365 1678 1694 1819 sagen wir aufmachend – (die Stücke
316 1768 1640 1912 desselben habe ich nachher nicht mehr
1111 1839 1633 1942 finden können)
449 1952 1552 2101 meine Schwester mir über die
407 2010 1621 2183 Schulter blickend – – und
