5526 3624
511 56 5114 459 Brief in dieser Tassung wie in jeder andern an R. R.,
515 302 5199 664 es wird ihm eine grosse Freude sein, Sie unter den Weni¬
523 581 5248 985 gen zu wissen, die heute, mitten im Kampf, schon an die
513 883 2047 1265 Versöhnung denken.
1390 1109 5252 1474 Ich bin morgen Montag nach dem Bureau
523 1359 5253 1687 bestimmt zwischen 4 – 5 zu hause und freute mich sehr
506 1639 5160 1944 Ihres Aurufes. Vielen vielen Dunk für Ihr Vertrauen und
508 1912 4526 2222 alles Herzliche Ihnen und den Ihren! Treulichst
3794 2301 5167 2815 Stefan Zweig
