3931 5579
411 874 2041 1123 Wien 16. Januar 1915
424 1222 3417 1502 Lieber verehrter Herr Doktor, den Aus¬
430 1490 3169 1738 schnitt aus dem »Journal de Genèvre«
451 1761 3546 1970 sandte ich Ihnen schon vor paar Tagen
455 1959 3481 2242 durch Stringa. Von Romain Rolland habe
485 2133 3543 2446 ich plötzlich keine Briefe mehr, die Censur
479 2408 3460 2664 hat anscheinend unsere – doch zweifel¬
485 2625 3544 2910 los staatsgefährliche und an den Funda¬
487 2850 3546 3136 menten Österreichs rüttelnde — Correspon¬
487 3103 3559 3340 denz unterbunden und abgedrosselt. Ich
533 3340 3471 3570 schreibe ihm über Italien und wende
511 3499 3378 3813 mich übrigens heute noch an die Brief¬
547 3757 3582 4059 censur direct, um ihr den Begriff Romain
534 4019 3343 4307 Rolland aufzuklären. Hoffentlich ge­¬
556 4228 3470 4556 lingts! Viele viele Grüsse Ihres getreuen
2128 4506 3503 4874 Stefan Zweig
