1904 2420
88 170 1796 392 viel erwartet – aber so gar nichts? –
73 282 1811 496 Sie haben mir schon vor zwei Jahren
71 440 1749 612 klar gemacht, wie wenig an einem
71 515 1710 733 verfehlten Stück liegt! – Aber
43 651 1622 897 trotzdem! – Obzwar ich mit dem
97 772 1714 968 Stück nicht Literatur, sondern
97 865 1695 1126 Geld machen wollte thut es
84 1059 1665 1227 mir doch so weh, wieder einmal
41 1147 1654 1354 etwas verhauen zu haben! – Es
112 1253 1740 1430 wundert mich aber, dass Sie gera¬
106 1404 1807 1570 de einen Satz herausgegriffen
73 1496 1803 1734 haben, der mir als Phrase nach¬
153 1615 1794 1876 träglich sehr missfallen hat.
172 1762 1798 1966 – – Ja, ich habe immer Ideen
82 1891 1757 2148 und komme doch damit nicht
99 2048 1768 2333 weiter! – – – – Es ist wirk¬
