1886 2263
175 123 1660 376 lich schrecklich und fängt
229 271 1753 494 schon an, mich zu entmuthi¬
261 388 1582 611 gen! – Wirklich!! Das soll
289 547 1457 806 keine Phrase sein! –
243 700 1606 884 Wenn ich mir wüßte was
249 838 1715 1019 ich da machen soll. Ich
191 967 1789 1180 arbeite so intensiv ich kann
185 1093 1735 1301 (nicht viel – wie Sie glauben!)
181 1220 1785 1421 (Im ganzen Jahr nur den »neuen Lehrer«
145 1341 1606 1530 und das Stück!) Ich sehe aber,
181 1457 1650 1660 das mir nichts nützt! Das
215 1574 1755 1797 Beste was ich kann ist doch
175 1755 931 1918 nicht genug!
209 1765 1713 2034 Herzlichen Dank und herzlichen
263 1960 565 2115 Gruß
897 1918 1596 2125 Elsa Plessner
