<?xml version="1.0" encoding="UTF-8" standalone="yes"?>
<PcGts xmlns="http://schema.primaresearch.org/PAGE/gts/pagecontent/2013-07-15" xmlns:xsi="http://www.w3.org/2001/XMLSchema-instance" xsi:schemaLocation="http://schema.primaresearch.org/PAGE/gts/pagecontent/2013-07-15 http://schema.primaresearch.org/PAGE/gts/pagecontent/2013-07-15/pagecontent.xsd">
    <Metadata>
        <Creator>prov=University of Rostock/Institute of Mathematics/CITlab|PLANET AI GmbH/Gundram Leifert/gundram.leifert@planet-ai.de:name=Zweig_Stefan_final_neu(htr_id=39110)::::v=2.6.7
prov=University of Rostock/Institute of Mathematics/CITlab|PLANET AI GmbH/Tobias Gruening/tobias.gruening@planet-ai.de:name=de.uros.citlab.module.baseline2polygon.B2PSeamMultiOriented:v=2.6.7
prov=READ-COOP:name=PyLaia@TranskribusPlatform:version=0.6.8:model_id=35909:lm=none:date=29_03_2022_11:30
prov=READ-COOP:name=PyLaia@Transkribus:version=0.6.8:model_id=35909:date=29_03_2022_11:29
prov=University of Rostock/Institute of Mathematics/CITlab|PLANET AI GmbH/Tobias Gruening/tobias.gruening@planet-ai.de:name=de.uros.citlab.module.baseline2polygon.B2PSeamMultiOriented:v=2.6.7</Creator>
        <Created>2022-03-29T10:06:26.714+02:00</Created>
        <LastChange>2025-05-19T17:41:43.036+02:00</LastChange>
    </Metadata>
    <Page imageFilename="0063_00063 MS-SCHNITZLER-B-00118-000-00065.jpg" imageWidth="5013" imageHeight="4449">
        <ReadingOrder>
            <OrderedGroup id="ro_1747833867047" caption="Regions reading order">
                <RegionRefIndexed index="0" regionRef="r1"/>
            </OrderedGroup>
        </ReadingOrder>
        <TextRegion orientation="0.0" id="r1" custom="readingOrder {index:0;}">
            <Coords points="458,1243 458,3640 4620,3640 4620,1243"/>
            <TextLine id="r1l2" custom="readingOrder {index:0;} place {offset:0; length:18;} opener {offset:0; length:18;} letter-begin {offset:0; length:4;} capitals {offset:6; length:9;}">
                <Coords points="3426,1459 3467,1465 3628,1377 3705,1372 3803,1414 3907,1372 4046,1414 4186,1404 4186,1223 3969,1212 3711,1258 3607,1222 3535,1284 3426,1278"/>
                <Baseline points="3454,1358 3489,1358 3524,1360 3560,1360 3595,1361 3631,1362 3666,1362 3701,1362 3737,1362 3772,1362 3808,1362 3843,1362 3878,1362 3914,1362 3949,1361 3985,1360 4020,1360 4055,1360 4091,1361 4126,1362 4162,1362"/>
                <TextEquiv>
                    <Unicode>VIII. Kochgasse 8.</Unicode>
                </TextEquiv>
            </TextLine>
            <TextLine id="r1l4" custom="readingOrder {index:1;} person {offset:30; length:14;}">
                <Coords points="431,1902 4619,1846 4615,1567 4041,1575 3821,1729 3214,1582 2265,1736 428,1659"/>
                <Baseline points="458,1876 664,1872 871,1868 1078,1864 1285,1860 1492,1856 1698,1854 1905,1850 2112,1848 2319,1844 2526,1842 2732,1838 2939,1836 3146,1832 3353,1830 3560,1828 3766,1825 3973,1822 4180,1820 4387,1816 4594,1814"/>
                <TextEquiv>
                    <Unicode>Verehrter lieber Herr Doktor, Romain Rolland</Unicode>
                </TextEquiv>
            </TextLine>
            <TextLine id="r1l5" custom="readingOrder {index:2;}">
                <Coords points="456,2176 4490,2147 4486,1888 3546,1990 3322,1880 2906,2026 453,1974"/>
                <Baseline points="484,2156 682,2152 881,2148 1080,2144 1279,2141 1478,2138 1677,2134 1876,2131 2075,2128 2274,2126 2473,2122 2671,2120 2870,2118 3069,2114 3268,2112 3467,2110 3666,2106 3865,2104 4064,2100 4263,2098 4462,2094"/>
                <TextEquiv>
                    <Unicode>hat nur endlich wieder einen Brief ungehind¬</Unicode>
                </TextEquiv>
            </TextLine>
            <TextLine id="r1l6" custom="readingOrder {index:3;}">
                <Coords points="471,2491 842,2377 4613,2430 4610,2249 4283,2140 2432,2178 2294,2304 1878,2176 467,2201"/>
                <Baseline points="498,2410 702,2408 906,2407 1111,2404 1315,2402 1520,2398 1724,2394 1928,2390 2133,2386 2337,2382 2542,2378 2746,2374 2950,2370 3155,2368 3359,2364 3564,2362 3768,2360 3972,2360 4177,2360 4381,2360 4586,2362"/>
                <TextEquiv>
                    <Unicode>dert schreiben können. Er spricht auch von Ihnen</Unicode>
                </TextEquiv>
            </TextLine>
            <TextLine id="r1l7" custom="readingOrder {index:4;} organization {offset:27; length:10;}">
                <Coords points="497,2698 3510,2586 3668,2691 4462,2567 4365,2435 3886,2509 3142,2363 2759,2522 2187,2407 492,2496"/>
                <Baseline points="520,2672 715,2668 911,2662 1107,2656 1302,2652 1498,2646 1694,2639 1889,2634 2085,2628 2281,2621 2477,2616 2672,2610 2868,2604 3064,2600 3259,2596 3455,2592 3651,2588 3846,2586 4042,2584 4238,2584 4434,2584"/>
                <TextEquiv>
                    <Unicode>darin – er hat offenbar in Berl. Tag. jenen</Unicode>
                </TextEquiv>
            </TextLine>
            <TextLine id="r1l8" custom="readingOrder {index:5;} work {offset:0; length:7;}">
                <Coords points="465,2938 2033,2969 3250,2802 4505,2934 4426,2630 462,2778"/>
                <Baseline points="492,2926 691,2918 890,2912 1089,2905 1288,2898 1488,2891 1687,2884 1886,2876 2085,2869 2284,2862 2484,2856 2683,2852 2882,2846 3081,2843 3280,2840 3480,2838 3679,2838 3878,2838 4077,2841 4276,2844 4476,2850"/>
                <TextEquiv>
                    <Unicode>Artikel gegen und für Sie gelesen – und schreibt</Unicode>
                </TextEquiv>
            </TextLine>
            <TextLine id="r1l9" custom="readingOrder {index:6;}">
                <Coords points="498,3230 3650,3075 4293,3173 4576,3096 4574,2972 1956,2937 1260,3057 1010,2937 495,3074"/>
                <Baseline points="524,3180 725,3169 926,3159 1127,3150 1328,3142 1530,3136 1731,3130 1932,3124 2133,3120 2334,3116 2536,3114 2737,3110 2938,3110 3139,3108 3340,3106 3542,3106 3743,3106 3944,3106 4145,3106 4346,3106 4548,3106"/>
                <TextEquiv>
                    <Unicode>»Le voici logé a la même enseigne en Allemagne</Unicode>
                </TextEquiv>
            </TextLine>
            <TextLine id="r1l10" custom="readingOrder {index:7;}">
                <Coords points="563,3476 996,3365 4456,3365 4421,3133 4035,3244 559,3233"/>
                <Baseline points="586,3402 778,3394 970,3386 1162,3379 1355,3373 1547,3368 1739,3363 1932,3359 2124,3356 2316,3352 2509,3350 2701,3346 2893,3344 3085,3342 3278,3340 3470,3338 3662,3336 3855,3334 4047,3330 4239,3328 4432,3324"/>
                <TextEquiv>
                    <Unicode>que je le suis en France! Exprimez lui de ma part</Unicode>
                </TextEquiv>
            </TextLine>
            <TextLine id="r1l11" custom="readingOrder {index:8;}">
                <Coords points="526,3628 3256,3518 4012,3632 4647,3566 4645,3390 524,3494"/>
                <Baseline points="554,3616 757,3610 960,3604 1163,3598 1367,3592 1570,3586 1773,3582 1977,3576 2180,3572 2383,3568 2587,3564 2790,3562 2993,3560 3196,3558 3400,3556 3603,3556 3806,3556 4010,3556 4213,3558 4416,3562 4620,3566"/>
                <TextEquiv>
                    <Unicode>toute ma sympathie confraternelle – si toutefois elle</Unicode>
                </TextEquiv>
            </TextLine>
            <TextEquiv>
                <Unicode>14 ctsäpööz z.Verehrter lieber Herr Dohtor, Romam Rollandhat mur endlich wieder einen Brief uugehin,dert schreiben können. Er spricht auch von Ihnendarin — er hat offenbar in Berl. Tag. jenenArtikel gegen und für Sie gelesen — und schreibtste voiei loge a la meine enseigne en Allemaqueque je le tuis en France. Eeprimeg lni de ma parttoute ma sympathie confraternelle — sitontefoiselle</Unicode>
            </TextEquiv>
        </TextRegion>
    </Page>
</PcGts>
