<?xml version="1.0" encoding="UTF-8" standalone="yes"?>
<PcGts xmlns="http://schema.primaresearch.org/PAGE/gts/pagecontent/2013-07-15" xmlns:xsi="http://www.w3.org/2001/XMLSchema-instance" xsi:schemaLocation="http://schema.primaresearch.org/PAGE/gts/pagecontent/2013-07-15 http://schema.primaresearch.org/PAGE/gts/pagecontent/2013-07-15/pagecontent.xsd">
    <Metadata>
        <Creator>prov=University of Rostock/Institute of Mathematics/CITlab|PLANET AI GmbH/Gundram Leifert/gundram.leifert@planet-ai.de:name=Zweig_Stefan_final_neu(htr_id=39110)::::v=2.6.7
prov=University of Rostock/Institute of Mathematics/CITlab|PLANET AI GmbH/Tobias Gruening/tobias.gruening@planet-ai.de:name=de.uros.citlab.module.baseline2polygon.B2PSeamMultiOriented:v=2.6.7
prov=READ-COOP:name=PyLaia@TranskribusPlatform:version=0.6.8:model_id=35909:lm=none:date=29_03_2022_11:30
prov=READ-COOP:name=PyLaia@Transkribus:version=0.6.8:model_id=35909:date=29_03_2022_11:29
prov=University of Rostock/Institute of Mathematics/CITlab|PLANET AI GmbH/Tobias Gruening/tobias.gruening@planet-ai.de:name=de.uros.citlab.module.baseline2polygon.B2PSeamMultiOriented:v=2.6.7</Creator>
        <Created>2022-03-29T10:06:26.847+02:00</Created>
        <LastChange>2025-05-20T09:07:27.063+02:00</LastChange>
    </Metadata>
    <Page imageFilename="0064_00064 MS-SCHNITZLER-B-00118-000-00066.jpg" imageWidth="5013" imageHeight="4449">
        <ReadingOrder>
            <OrderedGroup id="ro_1747833867056" caption="Regions reading order">
                <RegionRefIndexed index="0" regionRef="r1"/>
            </OrderedGroup>
        </ReadingOrder>
        <TextRegion orientation="0.0" id="r1" custom="readingOrder {index:0;}">
            <Coords points="400,209 400,3663 4690,3663 4755,218"/>
            <TextLine id="r1l3" custom="readingOrder {index:0;} supplied {offset:10; length:1;}">
                <Coords points="373,1109 4648,1067 4481,909 372,976"/>
                <Baseline points="400,1118 611,1111 822,1104 1033,1100 1244,1096 1455,1092 1666,1090 1877,1088 2088,1086 2299,1086 2510,1086 2721,1084 2932,1084 3143,1082 3354,1080 3565,1080 3776,1076 3987,1074 4198,1070 4409,1065 4620,1060"/>
                <TextEquiv>
                    <Unicode>ne le compromet pas encore plus. Ah que les gens sont</Unicode>
                </TextEquiv>
            </TextLine>
            <TextLine id="r1l4" custom="readingOrder {index:1;}">
                <Coords points="407,1464 778,1278 1120,1397 3429,1260 4687,1351 4684,1117 4156,1091 4019,1205 3113,1099 2593,1245 404,1209"/>
                <Baseline points="432,1344 643,1338 854,1332 1065,1326 1277,1322 1488,1316 1699,1312 1911,1308 2122,1306 2333,1302 2545,1300 2756,1298 2967,1296 3178,1294 3390,1292 3601,1292 3812,1290 4024,1288 4235,1288 4446,1288 4658,1286"/>
                <TextEquiv>
                    <Unicode>fous! C' est presque comique.« Wirklich – dieser Versuch</Unicode>
                </TextEquiv>
            </TextLine>
            <TextLine id="r1l5" custom="readingOrder {index:2;}">
                <Coords points="406,1601 4653,1485 3782,1297 404,1468"/>
                <Baseline points="432,1570 641,1564 851,1556 1061,1550 1271,1544 1481,1540 1690,1534 1900,1530 2110,1526 2320,1522 2530,1518 2739,1514 2949,1512 3159,1508 3369,1506 3579,1504 3788,1502 3998,1500 4208,1498 4418,1496 4628,1496"/>
                <TextEquiv>
                    <Unicode>auch Sie jetzt einzubeziehen in den grossen deutschen Bann</Unicode>
                </TextEquiv>
            </TextLine>
            <TextLine id="r1l6" custom="readingOrder {index:3;}">
                <Coords points="408,1813 4715,1760 4588,1507 3962,1636 3582,1521 406,1664"/>
                <Baseline points="432,1786 644,1780 857,1774 1070,1768 1283,1762 1496,1756 1709,1750 1922,1745 2135,1740 2348,1735 2561,1730 2773,1726 2986,1722 3199,1718 3412,1715 3625,1712 3838,1710 4051,1708 4264,1708 4477,1706 4690,1706"/>
                <TextEquiv>
                    <Unicode>war schon zu ärgerlich! Wird man all dies in zehn Jahren</Unicode>
                </TextEquiv>
            </TextLine>
            <TextLine id="r1l7" custom="readingOrder {index:4;}">
                <Coords points="431,2040 2894,1897 4642,1984 4637,1760 4322,1720 428,1886"/>
                <Baseline points="456,2016 663,2006 871,1998 1079,1989 1287,1982 1495,1976 1702,1968 1910,1963 2118,1958 2326,1952 2534,1948 2741,1944 2949,1940 3157,1936 3365,1932 3573,1928 3780,1926 3988,1922 4196,1920 4404,1916 4612,1912"/>
                <TextEquiv>
                    <Unicode>noch verstehen können? Ich denke Ihrer oft und in Herz¬</Unicode>
                </TextEquiv>
            </TextLine>
            <TextLine id="r1l8" custom="readingOrder {index:5;}">
                <Coords points="443,2273 4578,2143 4094,1975 438,2092"/>
                <Baseline points="468,2252 672,2240 876,2230 1080,2220 1284,2212 1488,2203 1692,2196 1896,2190 2100,2184 2304,2178 2509,2174 2713,2170 2917,2166 3121,2162 3325,2158 3529,2154 3733,2151 3937,2147 4141,2143 4345,2140 4550,2134"/>
                <TextEquiv>
                    <Unicode>lichkeit: hoffentlich hat die tragische Monotonie der an¬</Unicode>
                </TextEquiv>
            </TextLine>
            <TextLine id="r1l9" custom="readingOrder {index:6;}">
                <Coords points="429,2503 4634,2421 4676,2164 425,2343"/>
                <Baseline points="456,2470 665,2458 875,2450 1085,2439 1295,2432 1505,2423 1714,2416 1924,2409 2134,2403 2344,2398 2554,2392 2763,2388 2973,2383 3183,2380 3393,2376 3603,2372 3812,2370 4022,2368 4232,2366 4442,2364 4652,2364"/>
                <TextEquiv>
                    <Unicode>dauernden bewegungslosen Kämpfe auch in Ihnen wieder die</Unicode>
                </TextEquiv>
            </TextLine>
            <TextLine id="r1l10" custom="readingOrder {index:7;} textStyle {offset:37; length:3;strikethrough:true;}">
                <Coords points="465,2734 4673,2573 4524,2402 3963,2367 459,2553"/>
                <Baseline points="488,2698 695,2686 903,2675 1111,2664 1319,2654 1527,2646 1735,2637 1943,2630 2151,2623 2359,2616 2567,2610 2774,2604 2982,2598 3190,2594 3398,2588 3606,2584 3814,2578 4022,2574 4230,2568 4438,2563 4646,2558"/>
                <TextEquiv>
                    <Unicode>Arbeit als Gegengewalt hochgebracht. und Ich habe keinen</Unicode>
                </TextEquiv>
            </TextLine>
            <TextLine id="r1l11" custom="readingOrder {index:8;}">
                <Coords points="496,2934 3807,2884 4551,2821 4592,2627 490,2764"/>
                <Baseline points="520,2918 722,2910 925,2902 1127,2892 1330,2884 1533,2876 1735,2868 1938,2860 2140,2853 2343,2845 2546,2838 2748,2830 2951,2824 3153,2818 3356,2811 3559,2806 3761,2800 3964,2794 4166,2790 4369,2784 4572,2780"/>
                <TextEquiv>
                    <Unicode>bessern Wunsch als Sie wieder schaffend und gesammelt</Unicode>
                </TextEquiv>
            </TextLine>
            <TextLine id="r1l12" custom="readingOrder {index:9;}">
                <Coords points="519,3230 1269,3078 4400,3038 4696,2962 4690,2814 510,3006"/>
                <Baseline points="542,3154 748,3139 954,3127 1160,3115 1367,3105 1573,3095 1779,3086 1986,3078 2192,3070 2398,3063 2605,3056 2811,3050 3017,3044 3223,3036 3430,3029 3636,3022 3842,3016 4049,3007 4255,2998 4461,2989 4668,2980"/>
                <TextEquiv>
                    <Unicode>zu wissen, dass wenigstens hier im Geistigen etwas Frucht¬</Unicode>
                </TextEquiv>
            </TextLine>
            <TextLine id="r1l13" custom="readingOrder {index:10;}">
                <Coords points="511,3405 4673,3306 4664,3088 4385,3036 503,3219"/>
                <Baseline points="538,3374 743,3364 948,3353 1153,3342 1358,3333 1564,3323 1769,3313 1974,3305 2179,3296 2384,3286 2590,3278 2795,3270 3000,3262 3205,3254 3410,3246 3616,3240 3821,3233 4026,3226 4231,3221 4436,3214 4642,3210"/>
                <TextEquiv>
                    <Unicode>bares bleibe aus diesen sinnlosen Tagen der Vernichtung.</Unicode>
                </TextEquiv>
            </TextLine>
            <TextLine id="r1l14" custom="readingOrder {index:11;} closer {offset:0; length:43; continued:true;} person {offset:23; length:4;}">
                <Coords points="492,3625 1863,3545 2064,3634 2341,3495 2557,3572 3524,3497 3517,3327 3250,3295 484,3412"/>
                <Baseline points="518,3582 666,3578 815,3574 964,3570 1113,3565 1262,3560 1410,3554 1559,3548 1708,3544 1857,3536 2006,3531 2154,3525 2303,3519 2452,3512 2601,3506 2750,3500 2898,3494 3047,3488 3196,3482 3345,3477 3494,3472"/>
                <TextEquiv>
                    <Unicode>Ihnen und Ihrer lieben Frau herzlich getreu</Unicode>
                </TextEquiv>
            </TextLine>
            <TextLine id="r1l15" custom="readingOrder {index:12;} signed {offset:0; length:12;} closer {offset:0; length:12; continued:true;}">
                <Coords points="3592,3634 3703,3611 3896,3667 3938,3624 4231,3636 4262,3604 4492,3633 4672,3561 4669,3364 4536,3366 4367,3459 4281,3375 3902,3294 3679,3361 3588,3336"/>
                <Baseline points="3620,3610 3671,3610 3722,3612 3773,3612 3824,3614 3876,3614 3927,3614 3978,3614 4029,3614 4080,3614 4132,3613 4183,3612 4234,3612 4285,3610 4336,3608 4388,3608 4439,3606 4490,3603 4541,3602 4592,3599 4644,3596"/>
                <TextEquiv>
                    <Unicode>Stefan Zweig</Unicode>
                </TextEquiv>
            </TextLine>
            <TextEquiv>
                <Unicode>nne le kompomet pas encore plus. Ah que les gens srntfons‟ (est kresque comiqne. Wirklich — dieser Versuchauch Sie jetat einzubezichen in den grossen Leutschen Bannwar schon zu ärgerlich! Wird man all dies in zehn Jahre-noch verstehen können. Ich denke Ihrer oft und in Herz-lichkeit: hoffentlich hat die tragische Monotonie der an-dauernden bewegungsloren lämffe auch in Ihnen wieder dieArteit als Gegengewalt Rochgebracht. uuns Ich habe keinenbessern Wunsch als Sie wieder schaffend und gesammeltzu wissen dass wenigstens hier im Geistigen etwas Frücht.bares bleibe aus diesen sinnloren Tagen der Vernichtung.Ihnen und Ihrer lieben Frau herzlich getreuStefan Zweig</Unicode>
            </TextEquiv>
        </TextRegion>
    </Page>
</PcGts>
