1911 2219
142 104 1254 322 rind? - - - "Und?!..
164 220 1744 406 Menx Schwester schreibt es der Wir-
126 355 1668 541 Kung -- d. h. dem Umstande zu
106 437 1773 606 dass ich mich in der angeführten
93 552 1786 743 wassrigen Situation befand, dass
100 641 1693 821 ich nicht einen ordentlichen shoc
111 757 1802 952 davongetragen habe. - Sie hat mich
118 850 1824 1061 hellant ausgelacht (ich habe nämlich
111 954 1782 1174 schändlich geheult) und nur zu be-
98 1098 1642 1280 denken gegeben, dass ich erspar-
109 1196 1695 1391 in die Donau zu geben, da ich
115 1265 1901 1513 mich ja schiedies im Wasser befändl.
153 1429 623 1660 -:-
162 1475 1755 1728 Nein! — Sie dürfen nicht glauben
138 1611 1817 1813 dass ich schon so weit bin über mei-
151 1693 1828 1921 nen neuerlichen Missgriff lachen
184 1797 1839 2068 zu können. - Ich habe ja nicht
