4043 3652
1988 1720 3409 1934 Dr Arthur Schnitzler
2391 2311 3529 2492 Wien – Cottage
2266 2598 3528 2790 Sternwartestrasse 72
293 898 1911 1106 Lieber verehrter Herr Doktor, am
305 1025 1884 1240 29. Januar ist Romain Rollands
334 1205 1906 1443 fünfzigster Geburtstag. Seine Freun¬
317 1389 1774 1578 de und alles die ihm für seine
319 1543 1843 1720 menschliche Haltung in dieser Zeit
344 1698 1851 1864 dankbar sind, wollen ihm zu die¬
350 1863 1872 2038 sem Tage ein Wort telegrafieren.
345 2007 1855 2198 Ist es auch Ihre Absicht so sage
340 2153 1838 2338 ich Ihnen auf jeden Fall seine
337 2316 1839 2475 Adresse Genf-­Champel, Hotel
352 2480 1880 2634 Beau Sejour. Gestern sah ich Sie
331 2671 1897 2816 von ferne bei Rosé. Es war herrlich
358 2790 1819 2957 über alle Maassen. Treulichst Ihr
1201 2927 1818 3107 Stefan Zweig
