1769 2712
222 174 1437 382 Ich kann es noch immer
84 318 1543 560 nicht verschmerzen, dass ich
158 472 1625 664 Ihnen – der Sil doch seiner¬
74 562 1623 756 zeit einige Hoffnungen auf
84 676 1617 905 mein Talent setzten – fortwährend
100 798 1557 1021 Enttäuschungen bereitet
26 933 1635 1135 habe und wenn ich auch ein
84 1057 1463 1261 Jahr lang von mir nichts
56 1181 1527 1355 habe hören lassen, so dür¬
54 1289 1613 1503 fen Sie nicht glauben, dass
44 1413 1545 1621 mich Ihr abfälliges Utheil
28 1529 1549 1759 über das letzte Stück abge¬
84 1671 1589 1887 schreckt habe. Welches äußer¬
76 1793 1601 1981 liche Schicksal dieses Schauspiel
36 1915 1627 2107 auch erleben möge – Sie bleiben
48 2027 1589 2239 doch die Verkörperung meines
56 2149 1621 2355 beßeren, literarischen Ich –
78 2295 1373 2534 d.h. ich habe so eine
