4011 6563
2423 1188 3093 1323 VIII. Kochgasse
2657 1304 2900 1458 Wien,
418 1791 3517 2140 Sehr verehrter lieber Herr Doktor, ich
472 2094 3600 2351 wäre sehr froh, wenn Sie nächstens ein¬
486 2364 3566 2608 mal mir wieder eine Stunde mit Ihnen
516 2541 3575 2803 verstatten wollten: ich hätte gerne mit Ihnen
501 2754 3634 3052 über die Angelegenheit Unseres gemeinsamen
532 2965 3612 3288 Freundes Rosenbaum gesprochen. Immerhin
553 3175 3522 3465 sind Wir – wenn auch machtlos gegen
561 3376 3604 3674 solche Entschliessungen — der wesentlichste
595 3572 3579 3915 Teil der Interessierten und es ist die Fra¬
612 3819 3316 4170 ge, ob wir Uns ganz unbeteiligt zu
606 4021 3612 4359 einer solchen brutalen Entscheidung stellen
582 4236 3566 4517 sollten. Bis zu einem gewissen Grade glau¬
602 4459 3479 4806 be ich die »Reichspost« in dieser Sache zu
621 4690 3407 4958 spüren – inwieweit Dr R. im seiner
627 4917 3594 5193 Offenheit des Wortes Etwas verschuldet hat,
648 5110 3599 5376 vermag ich nicht zu entscheiden – und
624 5325 3443 5553 vielleicht wäre eine Form der morali¬
607 5517 3674 5801 schen Satisfaction für diesen vortrefflichen
