4011 6563
541 1037 3530 1329 Menschen zu finden, der nach siebzehn
566 1349 3451 1653 Jahren Tätigkeit cum infamia wegge¬
579 1577 3376 1875 jagt werden soll. Ich weiss nicht, wie
588 1846 3454 2054 Sie in dieser Sache denken, doch ich
639 2026 3488 2292 zweifle nicht, dass sie auch Sie seelisch
668 2254 3491 2480 beschäftigt hat: mir scheint sie nicht
679 2517 3620 2730 bloss ein Einzelfall, sondern das Symp¬
669 2677 3624 2946 tom einer Gesinnung, die sich jetzt schon
688 2883 3599 3120 mitten im Kriege entfaltet um dann
691 3100 3499 3369 nachher agitatorisch und aggressiv zu
708 3291 3420 3536 werden und der man vielleicht heute
711 3514 3463 3801 schon in Parade entgegentreten sollte.
1268 3726 3546 4035 Dr R. weiss selbstverständlich
731 3946 3490 4235 nichts von diesem Brief. Er tut mir
730 4171 3554 4424 sehr leid: das Burgtheater war schon
743 4398 3556 4637 so sehr der Sinn seiner Existenz und
741 4585 3356 4875 seines Fühlens geworden, dass er sich
748 4788 3643 5059 kaum jemals wird wieder ganz finden
740 5045 1406 5283 können.
1259 5178 3485 5519 In herzlicher Liebe und Ver¬
729 5440 2266 5774 ehrung Ihr getreuer
2646 5789 3551 5835 Stefan Zweig
