4011 6563
2429 1191 3104 1369 VIII. Kochgasse
2654 1307 2919 1485 Wien,
431 1733 3608 2036 Sehr verehrter lieber Herr Doktor,
521 2236 3542 2433 ich war innerlich noch sehr be¬
536 2479 3630 2805 drückt, Ihnen für den schönen Abend
569 2800 3418 3042 von damals nicht noch besonders
617 2966 3400 3267 gedankt zu haben: der Grund für
602 3217 3600 3526 dieses Unterlassen war, dass ich mich
671 3482 3436 3779 innerlich um den Titel für das
673 3713 3611 3967 Werk mühte und ohne diese beschei¬
652 3952 3642 4238 dene Gegengabe Ihnen nicht schreiben
677 4207 3466 4495 wollte. Und nun muss ich Ihnen
691 4452 3479 4754 für neuerliche Güte danken: glau¬
665 4691 3402 4989 ben Sie mir, bitte, dass ich gerade
687 4957 3401 5229 in dieser Zeit, wo sonst alle Men¬
691 5186 3562 5491 schen das Harte in sich herauskehren,
726 5437 3499 5738 Ihnen dafn besonders erkenntlich
