1610 2444
140 19 1311 296 Wien I. Kärnthnerstrasse 10
822 197 1554 390 den 10. Januar 1900
189 411 1187 657 Verehrter Herr Doctor!
145 596 1563 858 So schnell!! Dafür danke ich
120 812 900 986 Ihnen doppelt!
187 873 1451 1109 Ihr heutiger Brief hat mir
126 1011 1527 1183 viel Freude gemacht. Sie haben
107 1164 1443 1334 nicht über »Schlamperei« und
130 1256 1567 1453 »Leichtsinn« geschimpft, wie sonst
117 1374 1454 1575 immer – das ist für mich der
115 1485 1489 1667 größte Erfolg! – – Sehr über¬
88 1592 1380 1766 rascht war ich, dass Sie die
168 1691 1577 1863 Theaterwirksamkeit »des »ersten
61 1804 1600 2007 C.« in Abrede stellen. Zugegenben
86 1930 1502 2152 dass der Stoff eigentlich für
105 2037 1558 2263 eine Novelle gepasst hätte –
122 2177 1540 2355 ich selbst have ihn darauf¬
