4011 6563
471 924 874 1194 bin.
814 1145 3448 1419 In der Sache Dr Rosenbaums
569 1372 3521 1666 habe ich von Gerhardt Hauptmann
596 1637 3486 1915 noch keine Antwort: ist es die Post,
612 1915 3338 2191 die den Brief so lange hält oder
635 2114 3560 2441 irgend Etwas in ihm? Jedesfalls bin
635 2358 3557 2656 ich sehr erbittert, wie gut Thimig alles
668 2599 3560 2887 gelungen ist. In aller Stille hat man
695 2837 3474 3174 diesen guten Mann begraben und
703 3075 3642 3366 in einem Jahr wird niemand mehr
712 3335 3646 3642 von ihm wissen. Ich hoffe noch immer,
723 3535 3515 3854 etwas tun zu können: es wäre ja
753 3785 3339 4018 sehr nötig und nicht nur im
725 4027 3528 4297 moralischen Sinne, denn Dr R, der
729 4259 3526 4589 jetzt ein Viertelgahrkundert in un¬
766 4511 3548 4805 ablässiger Arbeit gelebt hat, braucht
729 4767 3401 5095 Wirksamkeit, um nicht bitter zu
745 5019 3541 5324 werden. Hoffentlich findet sich da
715 5278 1468 5576 ein Weg.
1140 5491 3391 5835 Ich freue mich sehr, Sie
