1603 2524
34 142 1412 333 hin ernstlich studiert, – bot er
28 279 1455 445 mir andrerseits durch die zahl¬
26 380 1477 562 reichen, auch in der Novelle nothwen¬
6 477 1481 654 digen Scenen – d.h. Dialoge, durch
22 576 1470 782 die Steigerung der Handlung und
11 708 1509 905 deren geringe Zeitdauer (11/2 Tage)
17 842 1430 1063 unleugbare dramatische, ja
48 978 1512 1147 sogar Bühnenmöglichkeiten.
123 1116 1464 1263 Sie haben ja ganz recht – der
47 1233 1430 1423 Stoff ist sehr dünn und ich
9 1341 1507 1522 habe das nicht übersehen – aber
24 1447 1501 1673 er hat mich trotzdem gereizt –
30 1570 1468 1801 und ich will doch die Probe auf
30 1689 1479 1905 die Bühnentragfähigkeit ma¬
19 1814 1460 2032 chen. – Als Erstlingsstück
35 1933 1481 2097 ist es rettungslos dem Durch¬
80 2052 1514 2270 fallen geweiht – das weiß ich. –
54 2187 1473 2406 Aber als zweites – auf einen
