4011 6563
409 875 3523 1202 und Ihre verehrte Frau Gemahlin
437 1138 3517 1428 bald wieder sehen zu dürfen: heute
461 1397 3456 1662 abends habe ich mir den Sonaten¬
453 1659 3509 1972 abend Walter Rosé, morgen das Lied
513 1887 3408 2209 von der Erde, Mittwoch Elektra zu¬
533 2161 3478 2457 gedacht, ich lebe jetzt wirklich von
536 2393 3508 2717 Musik, denn sonst wäre es nicht zu
564 2676 1364 2968 ertragen.
990 2907 3484 3305 In dankbarer Verehrung ge¬
477 3132 1364 3582 treu Ihr
2146 3390 3404 3931 Stefan Zweig
639 4241 3511 4647 Viele Grüsse Ihrer Frau Gemahlin!
565 4588 3651 4874 Und noch die Erinnerung: wenn
591 4783 3498 5077 Sie einmal Zeit und Lust haben
649 5055 3687 5359 gedenken Sie jenes Bildhauers Gustinus
581 5249 3650 5538 Ambrosi, der so gerne Ihre Büste mach¬
568 5506 3669 5799 te. Ich halte diesen taubstummen Men¬
568 5701 3684 5915 schen für einen wahrhaft genialen Künstler,
302 1870 686 5681 er ist auch menschlich, ein unvergleichliches Erlebnis.
