1577 2407
51 52 1428 319 gewissen literarischen Credit
107 259 1387 418 hin, will ich den Versuch
99 367 1467 564 einer Aufführung wagen. –
172 483 1482 701 D. h. ein auswärtiges großes
167 616 1501 802 Theater wird gegen Ende März
92 748 1308 866 ein anderes Stück von mir
103 826 1499 1064 aufführen – und das weitere
81 978 1402 1149 wird sich finden. Doch
71 1121 1396 1334 das ist Zukunftsmusik –
176 1259 1499 1437 Für heute will ich Ihnen
52 1366 1563 1542 nur nochmals herzlich danken
84 1492 1510 1679 und schließlich noch B bemer¬
82 1611 1568 1831 ken, daß Sie ganz recht hatten
51 1744 1542 1967 bezüglich der Widmung! Ich
41 1870 1355 2072 hatte sie mit Bleistift auf das Titelblatt
43 2014 1452 2217 meines Conceptes geschriebensetzt und
41 2130 1398 2337 mich, so oft ich mich zur
