4011 6563
2377 899 3635 1166 13. October 1915
2444 1203 3140 1362 VIII. Kochgasse
2687 1308 2955 1445 Wien,
618 1717 3612 2006 Verehrter lieber Herr Doktor, ich
612 2030 3653 2325 habe gestern aus einem versteckten
636 2276 3573 2548 Winkel des Burgtheaters die Freude
622 2538 3543 2857 der Widerbegegnung mit Ihren drei
642 2793 3473 3197 Stücken gehabt und war glücklich
679 3047 3643 3362 zu sehen, dass die Andern, denen Sie
694 3287 3661 3594 zum erstenmal gegeben waren, so herz¬
678 3522 3649 3793 lich ihren Dank äusserten. Mir war
699 3781 3630 4092 jedes Wort von damals noch gewär¬
697 4002 3567 4380 tig, manches fehlte mir sogar, nur
698 4229 3635 4542 dass der Interpret damals mir lieber
712 4483 3554 4759 war als diesmal manche seiner Dar¬
704 4703 3528 4995 steller. Für mein Gefühl ist Walden
724 4973 3704 5240 irgendwie unzulänglich, weil er allen
703 5189 3532 5479 Menschen, die er darstellt, etwas Un¬
728 5433 3624 5813 freundliches, Antipathisches mitgibt und
