4011 6563
402 869 3737 1121 selbst in seiner »Grossen Scene« fehlte ihm
458 1102 3567 1362 die Schwungkraft, die widerstandslos hi¬
485 1336 3584 1636 nüberreisst, die Selbstberauschtheit – über¬
472 1599 3538 1901 haupt, er hatte in beiden ersten Stücken
485 1793 3571 2079 nicht das, was die Menschen entschuldigt,
498 2067 3504 2379 Für und was Sie doch so sehr in die
500 2294 3546 2546 Rolle mitgegeben hatten, bei dem ersten
507 2530 3578 2807 die concentrierte Leidenschaft, bei dem
516 2807 3649 3068 zweiten die sprunghafte, aber Leidenschaft,
504 3045 3637 3294 Wärme doch in den beiden. Bassermann
513 3217 3646 3531 wird sicherlich unendlich besser sein und
524 3458 3686 3757 auch besser secundiert werden als in dieser
528 3743 3661 3982 sonst recht gelungenen Aufführung, die nur
525 3914 3588 4222 (wie so oft im Burgtheater) das Conversa¬
564 4135 3525 4404 tionelle nach oben kehrte und das
551 4363 3382 4719 Innerliche drückte. Ich glaube, man
580 4597 3501 4899 kennt Sie nicht gut, wenn man Ihre
596 4828 3587 5098 Stücke nur im Theater und gerade bei
580 5038 3598 5330 Uns im Theater gesehen hat: irgend ein
587 5267 3494 5584 Fxxx Geheimnisvolles schwebt da weg,
624 5502 3219 5756 eine Atmosphäre, die sie nicht ganz zu
