1551 2419
93 82 1468 292 Arbeit setzte – daran »gestimmt«.
39 226 1411 394 Als es die Abschreiberin erhielt,
52 369 1395 558 vergaß ich ganz auf diese nur zu
36 472 1379 657 meinem persönlichen Gebrauch
39 595 1427 768 dienenden Zeilen. So sind sie
28 696 1411 889 auf die zwei Abschriften über¬
21 794 1452 1010 gegangen – die natürlich nicht
69 912 1429 1101 für die Öffentlichkeit bestimmt
37 1031 1445 1256 sind – geschweige erst für Herrn
43 1156 1398 1354 »Fery Derffler«. – Auch ich
21 1259 1370 1434 liebe keine Intimitäten mit
48 1380 1347 1555 dem Publikum. Ich bitte
41 1477 1354 1696 Sie also, mich einer solchen
71 1584 1439 1822 Geschmacklosigkeit doch nicht
46 1706 1316 1936 für fähig zu halten – so
27 1808 1359 2013 viele andere ich auch auf dem
141 1945 1215 2130 Gewissen haben möge.
118 2072 1069 2250 Mit alter Verehrung
696 2189 1402 2383 Elsa Plessner
