4011 6563
462 929 3516 1105 halten wissen: die menschliche Wärme
445 1065 3672 1362 strömt manchmal zwischen den Worten aus,
448 1267 3643 1572 statt sich mit ihnen chemisch zu binden. Ich
525 1531 3631 1837 habe einmal bei Brahm empfunden, wie
549 1768 3645 2042 man gerade in Wien (wo man's doch am
556 1953 3676 2253 ehesten nicht sollte) immer ein wenig leichter
595 2171 3678 2442 machen will, als sie's wirklich specifisch
593 2364 3644 2680 sind: ich spüre selbst im Satyrspiel des
620 2588 3680 2942 gestrigen Abends, im »Bacchusfest« so schö¬
609 2806 3694 3119 ne Dinge, dass ich sie ganz geniessen und
625 3082 3683 3356 nicht gerne überspielt sehen wollte. Aber
675 3301 3599 3683 freilich, das Theater soll ja nicht den
673 3472 3564 3781 einzelnen Geniessern sondern dem Publi¬
688 3711 3579 4052 cum dienen und so war ich (so sehr
706 4005 3641 4284 mir manches schöne Wort fehlte) auch
705 4212 3512 4504 der geschwinderen Form froh, weil ich
715 4465 3525 4771 sah, wie sehr die drei Stücke gewirkt
703 4688 3653 5023 haben. Gewirkt haben gegen eine düstere
766 4924 3663 5246 Zeit, gegen einen Hintergrund, der jedes
753 5152 3530 5416 Echo privaten Problemen verweigert
752 5391 3665 5640 und damit haben Sie die siebenfachen Goldprobe
