1818 2433
109 98 1386 293 aber das ist Nebensache. –
156 242 1653 447 Hauptsache ist, dass Sie aus
32 368 1437 575 dem Titel »Die Ehrlosen«
51 509 1683 676 gewiss errathen haben, dass das
28 616 1664 851 vom Volkstheater angenomme¬
60 753 1606 924 ne Stück – – dasselbe ist
26 862 1685 1091 dasselbe, das Sie mir im vergan¬
32 992 1660 1170 genen Jahr so furchtbar ver¬
36 1101 1623 1283 donnert haben! Darum hab
13 1228 1643 1501 ich auch letzthin Angst ge¬
32 1379 1649 1551 habt – es Ihnen zu geste¬
11 1501 1655 1739 hen. Für heute fühle ich mich
11 1638 1591 1831 so gewissermaßen gedrängt
66 1717 1662 1959 Ihnen zu versichern, dass ich
21 1882 1630 2072 auch heute, nachdem man
41 2025 1649 2190 sich hier und in Berlin ziem¬
64 2134 1540 2331 lich viel von der Arbeit
