4011 6563
421 915 3363 1218 bestanden! Nun kann ihnen nirgends
455 1145 3467 1430 und nie mehr Ungunst geschehen, sie
489 1405 3454 1639 schreiten weiter und weiter, werden
507 1569 3618 1884 länger dauern als das Längste, was wir
530 1812 3625 2080 im Fühlen jetzt als Mass haben, als diese
565 2039 3489 2345 Zeit, die mir wie ein halbes Jahrhun¬
518 2251 3541 2517 dert dünkt. Ich danke Ihnen für den
553 2515 3518 2756 schönen Abend, gedenke noch inngst
592 2684 3546 3044 jenes andern, da ich zuerst sie hören
583 2931 3383 3267 durfte und mein Glückwunsch zu
574 3149 3574 3467 Werk und Erfolg kommt aus aufrich¬
636 3359 3587 3678 tigem Herzen. Viele Empfehlungen Ihrer
607 3600 3515 3983 verehrten Frau Gemahlin und getreue
662 3865 2787 4179 Grüsse von Ihrem ergebenen
2316 4482 3606 4858 Stefan Zweig
