1880 2492
177 83 1831 274 verspricht, ziemlich im Klaren
126 206 1808 379 bin über den wahren litera¬
114 328 1826 509 rischen Wert des Stückes – d.
130 444 1820 637 h. dass meine Ansicht darüber
114 565 1842 705 nicht allzu sehr von der Ihren
99 691 1844 857 abweicht. Aber – Sie wissen
101 806 1759 976 beim Theater weiß man nie
101 940 1764 1135 etwas – und hoffentlich wird
63 1070 1869 1290 nicht diese unsere wahre Meinung
56 1194 1858 1389 vom Publicum getheilt wer¬
58 1313 1799 1499 den. Ich bitte Sie viel¬
49 1472 1786 1683 mals, das nicht für Arro¬
101 1613 1777 1894 ganz oder Pose zu hal¬
88 1793 1748 2044 ten, dass ich Ihnen das
76 1934 1804 2183 sage – ich glaube, dass ich
11 2075 1654 2342 weder das Eine, noch aus
0 2219 1616 2450 andere Ihnen gegenüber
