3991 6586
2592 877 3668 1157 18. Januar 1916
2455 1174 3110 1328 VIII. Kochgasse
2680 1281 2897 1426 Wien,
777 1616 3489 2102 Lieber verehrter Herr Doktor,
848 2241 3567 2621 darf ich wieder einmal zu
569 2573 3489 2875 Ihnen kommen? Oder mögen Sie
609 2900 3639 3155 Menschen jetzt nicht sehen. Ich würde
598 3116 3626 3428 auch dies verstehn – die Worte und
630 3396 3576 3663 Gespräche werden einem manchmal
651 3699 3538 3944 jetzt verhasst, man weiss, wie nutzlos
653 3887 2684 4105 wie unwissend Ssie sind.
963 4106 3588 4440 Ich möchte bei dieser Gelegenheit
684 4370 3558 4648 auch Ihren Rat in Sachen Rilkes
703 4630 3617 4947 erbitten, der eingerückt ist und der
694 4909 3648 5173 (aus vielen Gründen) sehr leidet. Viel¬
728 5125 3419 5444 leicht könnten Wir durch eine ge¬
704 5365 3650 5719 meinsame Initialive ihm helfen. Und
