5059 4217
3792 896 4696 1127 26. IV 1916
3537 1206 4272 1381 VIII. Kochgasse 8.
772 1673 4646 1971 Lieber verehrter Herr Doktor, ich wollte es Ihnen seit
748 2055 4709 2340 langem sagen, dass Sie es nicht falsch verstehen mögen,
785 2368 4595 2576 wenn ich mich gar nicht bei Ihnen zeigte und an¬
813 2571 4610 2848 fragte – ich habe mich in die Nähe Wiens zurückge¬
819 2878 4499 3075 zogen, um von meinem zerstückelten Leben den armen
793 3100 4584 3366 Rest für Arbeit nutzen zu können. Umsomehr freue ich
802 3356 4618 3585 mich, Ihre liebe Frau Samstag zu hören und hoffentlich
