1806 2741
102 8 1573 276 Wien I. Kärnthnerstraße No 10
689 198 1596 401 den 8. October 1900
198 374 1575 602 Verehrter, lieber Herr Doctor!
307 564 1709 817 Da ist also endlich das Buch,
90 729 1771 917 das, wie Sie wissen, eigentlich Ihnen
100 850 1765 1042 zugeeignet ist. Die Widmung drucken
121 957 1698 1155 zu lassen, wäre aber geschmacklos
100 1059 1746 1270 gewesen und ich weiß zu genau,
107 1205 1709 1368 wie Sie darüber denken. –
196 1297 1613 1466 Sie werden natürlich lauter,
130 1391 1761 1617 alte Bekannte unter den Arbeiten
134 1535 1627 1742 finden, die schon früher Ihrer
119 1663 1704 1876 Kritik überantwortet waren,
102 1780 1769 1970 und die Sie meist zur ganzen
121 1886 1646 2082 oder theilweisen Umarbeitung
136 2037 1049 2197 verurtheilt haben.
171 2147 1631 2329 Seien Sie nicht böse, dass ich
134 2233 1755 2402 Ihnen darin nicht immer Folge geleistet
138 2339 1633 2544 habe. Nur zum kleinsten Theil
182 2463 1759 2655 geschah es aus principiellen Grün¬
