4318 6258
437 905 2398 1173 Wien 25. September 1916
533 1442 3818 1678 Lieber verehrter Herr Doktor, ich weiss
571 1713 3873 2016 nicht, ob Sie schon wieder in Wien sind,
588 2005 3926 2281 möchte mich doch aber bei Ihnen anfragen,
589 2232 3886 2537 weil ich eigentlich recht ungeduldig bin,
606 2483 3907 2751 Sie wiederzusehen. So lange habe ich mir
618 2711 3912 2985 es versagen müssen, von Ihnen zu hören, aber
642 2934 3800 3175 meine Existenz in dieser Zeit ist ja eine so
682 3147 3971 3466 zusammengepresste, dass selbst die erwünsch¬
669 3442 3852 3708 testen Dinge aussen bleiben mussten. Seit
673 3668 3744 3909 bald zwei Jahren bin ich nun eine Art
668 3881 3825 4131 Diurnist, habe in zwei Jahren keine acht
673 4196 3958 4396 Tage für mich gehabt und muss selbst dieses
703 4359 3963 4657 kleine Stück Leben tagtäglich fast vor dem
681 4631 3760 4833 Absturz hüten, dazu kam in den letzten
696 4842 3824 5100 acht Monaten eine grosse Arbeit, die ich
709 5088 3903 5351 mit zusammengebissenen Zähnen vorwärts¬
