1817 2734
102 75 1573 242 den, dass ich die einmal vorliegende
33 190 1600 366 Fassung der Arbeit gegen Ihre Kritik
65 303 1679 460 aufrechterhielt. (Siehe »Warten, Warum«)
73 378 1679 589 Zum größten Theil war es die mir
46 524 1506 723 leider anhaftende Eigenschaft,
50 629 1711 838 mich mit einem Stoff, dessen Ausge¬
90 750 1771 955 staltung – ob gut oder schlecht – fer¬
100 858 1765 1057 tig vor mir liegt, nicht nochmals
123 952 1698 1145 befassen zu können. Es ist keine
102 1076 1746 1287 Leichtfertigkeit – glauben Sie
107 1199 1709 1383 das ja nicht – und auch nicht
86 1295 1523 1437 Mangel an Selbstkritik, denn
84 1347 1707 1573 meistens sagt mir mein künstlerisches
75 1487 1648 1638 Gewissen dasselbe, was Ihre Kritik
52 1585 1707 1775 – nur in verschärfter Tonart – bemän¬
75 1686 1623 1913 gelt. Aber ich entwickele mich so
63 1790 1684 2030 rapid, (leider? oder G. s. D.?) dass
119 1905 1644 2105 ich in Schnellzugsgeschwindigkeit
71 2026 1677 2218 die Stationen durcheile und wenn
73 2139 1635 2298 man von mir verlangt, nach einer
134 2229 1752 2448 überholten Haltestelle zurückzu¬
77 2337 1690 2561 kehren, so finde ich weder Stim¬
109 2438 1690 2659 mung noch Gedanken der Arbeit
