4318 6258
361 867 3906 1153 treibe, die Angst im Nacken, sie nicht voll¬
408 1106 3902 1389 enden zu können, die Bangnis innen, ob nicht
407 1393 3858 1643 meine Kraft durch die innere Gegenwehr wider
427 1621 3833 1920 die Zeit nicht gebrochen sei. Sie mögen denken,
438 1918 3840 2138 was mir es bedeutet, da wieder einen Abend
474 2162 3817 2406 in der guten Atmosphäre schaffender, ans eige¬
495 2402 3866 2646 ne Werk gestellter Menschen zu verbringen, wie
530 2588 3730 2835 viel mirs wäre, wieder von Ihrer gütigen
525 2794 3148 3152 Gegenwart Freude haben zu dürfen.
1002 3027 3828 3311 Fürchten Sie nicht, dass ich zu trübe
517 3257 3817 3541 Stimmung Ihnen bringe: im Gegenteil, ich
547 3494 3723 3811 bin jetzt durch Resignation gegen Alles ir¬
558 3745 3755 4081 gendwie gepanzert. Etwas Anderes hätte ich
566 4004 3658 4273 Ihnen lieber mitgebracht, nämlich einen
571 4272 3630 4549 Akt oder zwei aus meiner grossen Arbeit
547 4473 3642 4745 und Ihnen vorgelesen. Ich glaube nur zu
560 4751 3838 5075 wissen, dass Sie nicht gerne sich lesen lassen,
566 4944 3537 5233 andrerseits ist mein Stück eben noch
557 5201 3769 5490 weit von der Vollendung und ich hätte es
