1777 2776
108 83 1690 257 rein und unbeeinträchtigt wieder. Es
99 221 1663 451 käme einfach gar nichts heraus!
188 352 1672 559 Ich weiß, Sie werden wieder
72 437 1678 616 schimpfen. Aber Sie glauben gar
54 540 1688 722 nicht, wie dankbar ich Ihnen dafür
64 668 1694 865 bin und dürfen nicht in die falsche
64 790 1684 981 Meinung verfallen, dass Ihre Kri¬
77 925 1703 1082 tik an meinen Arbeiten resultatlos
56 1022 1721 1200 sei. O nein!!! Was Sie mir über eine
81 1142 1692 1343 Arbeit sagen, trägt an der nächst
95 1268 1705 1487 folgenden Früchte. So erziehen
60 1401 1663 1614 Sie mich seit fünf Jahren –
56 1535 1578 1713 wahrscheinlich ohne es selbst
87 1715 813 1878 zu wissen. –
143 1796 1628 1961 Ich will damit nicht sagen
70 1880 1618 2063 dass ich mich nicht manchmal
89 2036 1665 2224 gegen Ihre Meining auflehne –
83 2152 1663 2365 besonders auf dramatisch-tech¬
48 2290 1618 2472 nischem Gebiet –. Aber wäre
79 2385 1692 2611 mein Talent Ihrer Kritik wert,
