4318 6258
527 893 3951 1159 gerne Ihnen näher gebracht. Es ist eigentlich
534 1095 3946 1399 meine erste wirkliche Arbeit, die erste, die ich
556 1347 3927 1590 innerlich ganz anerkenne, weil sie über das
569 1576 3839 1825 Mass meines Willens so hinausgewachsen ist,
599 1832 3933 2047 weil sie – wohl aussichtslos in jedem zweck¬
610 2048 3792 2268 dienlichen Sinne – nur die ganzen innern
621 2245 3838 2516 Probleme der Zeit und meines persönlichen
658 2512 3795 2710 Erlebens erlösend aufgelöst hat. Es war in
645 2710 3858 2976 den letzten acht Monaten die innerlichste
675 2939 3824 3183 Zwiesprache die ich führen konnte, besser als
686 3167 2165 3417 mit allen Menschen.
1245 3372 3732 3672 Ich habe in diesen Zeilen gar
711 3654 3855 3930 nicht Ihrer lieben Frau gedacht und doch
729 3931 3772 4201 gehen auch meine Worte an see. Es ist so
721 4121 3878 4424 gut jetzt an wirkliche an menschliche Men¬
700 4365 3968 4630 schen denken zu dürfen und ich tue es gern
747 4609 3779 4856 und oft, um mich über die andern zu
750 4878 3883 5137 trösten. Wann immer Sie mir es erlauben
724 5112 3891 5366 wollen, komme ich zu Ihnen. Meme herzlich¬
730 5337 3009 5566 sten Grüsse voraus! Ihr getreuer
3038 5317 3855 5569 Stefan Zweig
