4066 3541
2818 869 3714 1092 25. F. 1917
384 863 2818 1071 Verehrter Freund! Nur ein Karten¬
443 975 3695 1252 gruss – weil dieser sicherer ankom̄t. Hier über
407 1167 3764 1397 Erwarten interessantes Leben. Anregungen
373 1309 3642 1584 künstlerischer u menschlicher Art. Viele
410 1489 3695 1738 Beziehungen angeknüpft. Das unserer öster¬
364 1728 3733 1934 reichisch-ungarischen Gesandtschaft ausser¬
362 1765 3518 2025 ordentlich aufgenom̄en worden. Vorläufig
380 1956 3584 2187 bleibe ich hier. Es ist aber möglich dass
371 2126 3658 2366 ich wenn das Wetter so herrlich schön u
387 2272 3649 2537 warm bleibt für einige Zeit an den Gen¬
406 2524 3684 2768 fer See gehe. Gestern fuhr ich nur auf ein¬
454 2632 3661 2890 ige Stunden nach Ouchy ein Son̄enbad neh¬
391 2759 3769 3007 men. Aber bestimmt weiss ich noch nichts. Über
