1735 2669
99 20 1422 236 Wien I. Kärnthnerstrasse No 10
968 153 1678 331 den 12. Oktober 1900
313 365 1224 536 Verehrter Herr Doctor!
194 549 1674 760 Sie wünschen die chronologische Reihen¬
103 696 1583 873 folge der Arbeiten zu wissen und in¬
101 788 1660 950 dem Sie mir eine Erwiderung auf meinig
99 875 1631 1036 Bemerkung über meine Entwickelung
101 976 1605 1180 versprechen, kündigen Sie mir – deu¬
91 1075 1652 1293 lich genug für mein zartes Verständ¬
91 1206 1643 1369 nis – einen neuerlichen Putzer an. –
87 1301 1666 1490 Zuerst entspreche ich beiliegend Ihrem
83 1387 1607 1547 Wunsche und dann muss ich – zu
121 1474 1587 1676 Ihrer Orientirung vor dem Putzer –
109 1599 1650 1740 etwas weiter ausholen. Sie finden
95 1684 1682 1845 also zuerst die merkwürdig Thatsache
81 1793 1672 1980 dass »Baby« von allen die älteste Arbeit
83 1887 1662 2039 ist. Es ist mir sehr verständlich, dass
117 1982 1631 2146 »Baby« Ihnen nicht allzusehr miss¬
129 2087 1668 2293 fällt denn es beweist neuerdings,
95 2200 1680 2371 dass das Wesensverwandte jeden Men¬
67 2279 1587 2482 schen anzieht. Es ist ja auf 1000
99 2379 1641 2553 Schritte sichtbar, dass diese Geschich-
