1764 2680
62 54 1616 217 unter Ihrem D directen Einfluss ent¬
20 176 1562 363 standen ist und – bitte um Verzei¬
42 283 1608 447 hung für die Arroganz – Leo, der
144 383 1530 575 Held könnte ganz gut – Anatol –
46 507 1596 672 heißen, was natürlich nichts zu
28 604 1632 788 daran ändert, dass die Geschichte selbst¬
48 722 1646 896 verständlich nicht im entferntesten
62 836 1462 1013 an Ihren »Anatol« heranreicht.
56 916 1624 1095 Das heißt mit anderen Worten: »Ich
62 1033 1640 1197 hatte mich so in Ihr Buch herein
36 1147 1572 1365 gelesen, dass ich auf einmal Ihre
32 1263 1626 1422 Sprache sprach«. – Vielleicht interes¬
10 1389 1622 1590 siert sie die Thatsache, dass »Baby«
48 1476 1632 1688 zwei Tage nach dem Tod meines Vaters
62 1618 1636 1770 entstanden ist. – Außerdem theile
48 1722 1552 1931 ich Ihnen im Vertrauen mit, dass
66 1813 1548 2005 der Held dieser Geschichte eigent¬
36 1933 1630 2113 lich Kainz ist, um dessen Kind
46 2053 1646 2264 es sich vor fünf Jahren nach
56 2163 1648 2328 dem Tod seiner ersten Frau han¬
52 2292 1602 2468 delte. Ich habe die Geschichte – die
70 2408 1580 2590 natürlich anders sich abspielte –
