4160 6017
441 879 2791 1151 Kalksburg bei Wien, 1456. August 1917
514 1381 2746 1657 Lieber verehrter Herr Doktor,
2757 1707 3789 1975 ein neues Buch
532 1954 3669 2211 von Ihnen ist so gute und erwünschte Gabe,
554 2140 3729 2428 dass, kaum es mir gestern zu Händen kam, ich
583 2408 3822 2716 es sofort an dem heutigen dienstfreien Tage gelesen
573 2670 3741 2902 habe und meinen Dank dafür mit ein paar (ge¬
584 2872 3774 3172 wiss unzulänglichen) Worten in Ihre Wiener Ad­¬
579 3167 3713 3381 resse geben will, unkund ob es Sie hier oder
583 3336 3683 3658 in irgend einer Landschaft erreicht. Ich danke
565 3557 3778 3838 Ihnen aufrichtig: denn von Ihren Prosabüchern
588 3809 3820 4106 habe ich immer einen künstlerischen Gewinn über
584 4026 3668 4363 die rein menschliche Anteilnahme hinaus. Nur
583 4308 3772 4553 wer selbst vom Handwerk ist, kann diese ganz
575 4513 3707 4851 ins Unscheinbare verborgene Contrapunktik der
564 4750 3791 5082 Novelle würdigen, wie Sie (besonders in der Figur
573 4992 3767 5316 der Schwester) scheinbar Wichtigstes vorausnimmt,
