4160 6017
402 962 3700 1186 und zu erledigen scheint, innerlich aber doch
406 1200 3631 1449 tätig sein lässt, um in überraschender Verwand¬
424 1437 3673 1628 lung den Schwerpunkt dann immer wieder neu
451 1591 3610 1821 und neu zu verschieben, sodass wie ein Kreisel
444 1843 3571 2117 die Erzählung nie fällt, sondern in ständiger
442 2107 3635 2316 anreizender Schwebe bleibt. Diese Überraschungen,
499 2265 3601 2516 die aus allen Characteren hier vorbrechen und
485 2486 3634 2736 im tiefern Sinne doch wieder nicht überraschen,
468 2705 3629 2954 weil sie logisch sind, bilden für mich die Meister¬
503 2928 3567 3255 haftigkeit der Novelle: immer geht sie den Weg,
494 3233 3607 3460 den man nicht vermutet und immer in ein
526 3383 3720 3687 Ziel hinein. So wird auch der innerlich trocke¬
511 3618 3627 3908 ne und mir eigentlich wenig wichtige Mensch,
506 3854 3655 4139 als den ich Gräsler empfinde, ohne dass er eigent¬
540 3991 3597 4265 lich problematisch wäre, ungemein interessant,
536 4266 3574 4506 weil er, gleichsam aus sich selbst erwachend,
542 4438 3584 4740 sich immer an anderer Stelle findet, als er
555 4670 3678 4959 eigentlich wollte. Vielleicht war gerade dies Ihre
532 4902 3610 5131 imiere (und dann unendlich sublim geführte)
550 5118 3776 5392 Absicht, hier einer persönlichen Primitivität, deren
