1752 2731
110 29 1641 280 direct von Rosie Hutzler, seiner
114 198 1715 414 Stieftochter erfahren. Die Mutter –
94 329 1649 512 ehemals Mitglied des »Deutschen
98 439 1670 604 Theaters« – Fräulein Ramacetta ist
76 570 1676 698 in Paris an einen Baron verhei¬
71 665 1643 839 rathet, der das etwa zwölfjährige
71 761 1613 949 Kind adoptirt hat. – – –
141 884 1672 1023 Nach dieser kleinen Abschweifung
67 1019 1653 1186 in die chronique scandaleuse kehre
78 1112 1319 1280 ich zur Materie dieser Epistel zurück. –
133 1176 1668 1386 Das ganze Buch »D. g. Käfig« hat
104 1331 1696 1478 keinen anderen Zweck als den meiner
71 1408 1713 1623 im Anfang December stattfindenden
102 1513 1586 1713 Première zu präludieren und
82 1633 1641 1825 ein paar Talentproben in die Welt
37 1731 1643 1919 der Premièrenbesucher zu schleu¬
59 1870 1694 1984 dern, damit ich nicht ganz wie
69 1964 1657 2172 ein rother Hund behandelt
61 2121 1586 2272 werde, wenn man gar nichts
59 2203 1684 2382 von mir weiß und kennt. Glau¬
100 2354 1633 2525 ben Sie ja nicht, dass ich mich ir¬
76 2454 1680 2662 gend welchen Illusionen über den
