1817 2745
116 86 1555 340 Wert des Buches hingebe. Aber
48 246 1631 438 da ich meine novellistische »Thätigkeit«
46 370 1613 566 seit 2 Jahren abgeschlossen habe –
50 476 1589 670 (»Der neue Lehrer« war das letzte) hat
58 598 1597 784 es mir Spaß gemacht, die besseren
42 702 1645 897 Arbeiten dieser Sorte zu einem Debut
60 835 1269 1001 zusammenzufassen. –
120 935 1631 1103 Ich muss Sie bitten mir zu glau¬
66 1039 1587 1201 ben, dass ich mein Vertrauen und
36 1151 1505 1311 meine nicht so offen in der Hand
68 1253 1597 1423 zu jedermanns Belieben herum¬
46 1351 1629 1527 trage. Aber da Sie sich kennen und
44 1467 1601 1669 Ihre Fähigkeit zu verstehen, wer¬
60 1587 1639 1789 den Sie es begreiflich finden, dass
60 1683 1621 1887 ich gerade bei Ihnen Verständnis
66 1805 1643 1937 suchte und noch suche, denn einen
52 1923 1581 2039 Menschen muss man doch haben,
44 2031 1571 2213 bei dem man sich ausjammern
62 2135 1475 2305 kann, ohne dass er es anders
34 2251 1595 2420 deutet. Das heißt mit kurzen
54 2349 1603 2496 Worten: Ich bin seit mehr als
80 2462 1581 2606 einem Jahr an einem toten
