4160 6017
427 971 3772 1195 Pedanterie Sie doch so nachdrücklich betonen, das Un¬
473 1159 3772 1413 erwartete und Ungemässe als Conflict und Contrast
474 1367 3740 1686 zu geben. Wirklich es ist ein Weg von Überraschung
500 1617 2308 1918 in Überraschung, dieses Buch!
544 1854 3805 2083 Freilich, wie es zu Ende ist, halte auch ich inne!
530 2033 3694 2362 Der Kreisel fällt kraftlos zu Boden, wie ihm die
528 2303 3810 2578 Schnelle des Wirbels fehlt und den Doktor Gräsler
545 2500 3659 2769 fasse und fühle ich nicht mehr ganz auf den
564 2688 3753 3002 letzten Blättern. Sein Entschluss, ist es Resignation,
533 2947 3645 3209 Schwäche, Unsicherheit – sein Leben ist es zuende,
558 3137 3744 3452 oder vielmehr, beginnt, nicht hier das eigentlich
584 3394 3827 3712 Tragische seiner Existenz? Ich bin aufrichtig genug
583 3651 3857 3955 gegen Sie – oder vielleicht gegen mich (denn gegen
572 3811 3703 4084 den nicht genug Gestaltenden oder gegen den
600 4032 3728 4313 nicht geung Verstehenden wendet sich dieser Ein¬
623 4290 3815 4547 spruch) um zu sagen, dass ich den Abschluss nicht
611 4470 3701 4786 als Abschluss, nicht als restlose Auflösung em¬
620 4752 3727 4999 pfinde. Die Gestalten des Buches sind mit sel¬
630 4931 3690 5210 tener Meisterschaft, eine nach der andern, in
629 5117 3755 5373 ihrer irdischen und seelischen Form abgeschlossen,
