4160 6017
435 913 3628 1171 er selbst der Tragende, der Mittelpunkt, ist mir
464 1071 3615 1374 noch in der Schwebe des Schicksals. Vielleicht fehlt
470 1340 3700 1545 nur hier eine Einsicht, aber da ich Ihnen in aller
499 1549 3625 1812 Verehrung doch als Aufrichtiger gegenüber stehe,
535 1824 3698 2028 muss ich bekennen, dass mein angereizter Hun¬
530 2042 3647 2279 ger des Miterlebens sich nicht gesättigt empfin¬
542 2178 3705 2416 det und ich habe mir über den Rand des Buches
512 2379 3607 2682 nachträumend in verschiedensten Formen diese
534 2650 3644 2853 Existenz weitergedichtet. Aber vielleicht ist dies ja
535 2859 3689 3107 das Beste an einem Buche, wenn es nicht nur das
559 3068 3607 3331 passive Geniessen befriedigt, sondern noch eine
539 3328 3693 3609 geheimnisvolle Gährung des Gefühls zurücklässt, die
545 3527 3599 3835 selber noch einmal die Gestalten umwühlt und
576 3735 1283 3982 verwandelt.
1062 3955 3606 4237 Nochmals, aus ganzem Herzen meinen
561 4219 3512 4473 Dank! In den nächsten Tagen sage ich ihn
526 4455 3617 4681 auch durch das gestaltete Wort, durch mein
545 4625 3613 4943 neues Buch. In diesen drei Jahren erniedrigen¬
527 4844 3532 5123 den, urlaublosen, täglichen Dienstes habe ich
535 5123 3493 5283 mit Anspannung aller Kräfte endlich dieses
