1733 2711
135 31 1662 289 Punkt meiner Entwickelung an¬
80 211 1631 384 gelangt, den ich nicht überwin¬
70 310 1674 474 den kann. Seit dem "ersten Capitel"
31 423 1674 597 habe ich außer zu Briefen nicht
59 539 1698 685 die Feder in die Stand genommen
62 648 1672 825 und nicht eine Zeile schreiben können.
64 749 1651 937 Ich würde mich wieder für »fertig«
47 866 1625 1028 halten, wenn Sie mir das nicht
64 999 1662 1126 seinerzeit nach Meran so nach¬
55 1104 1666 1243 drücklich verwiesen hätten. Aber
49 1210 1645 1407 eine so fürchterliche Zeit absoluter
47 1317 1692 1512 Leere und Unfähigkeit wie dieses
45 1432 1694 1594 Jahr habe ich noch nie durch¬
59 1528 1620 1739 gemacht und zu einer Zeit, wo
57 1623 1639 1834 mein brennender äußerer Ehrgeiz
55 1766 1651 1965 eigentlich zu seinem Rechte zu
45 1877 1692 2072 kommen beginnt – bin ich eigent¬
33 1988 1676 2154 lich so sterbensunglücklich wie
47 2098 1565 2287 ein Mensch es nur sein kann!
76 2222 1524 2369 Vielleicht ist es das Warten auf die
82 2328 1635 2517 Première, das mich so lähmt –
64 2455 1674 2640 aber was mache ich, wenn die »Ehrlosen«
