4147 5914
384 1011 3547 1268 Werk vollendet, das mein enziger Trost, meine
395 1209 3697 1464 innere Sicherheit gegen den Widersinn der Zeit war.
436 1466 3596 1682 Bewusst habe ich die Gesetze des realen Theaters
426 1672 3565 1921 missachtet und wie Sie es im Medardus taten,
437 1907 3704 2116 die Grenze von Raum und Zeit weit überschritten.
451 2075 3747 2416 Selbstverständlich kann es, schon aus Censurgrün¬
454 2325 3740 2609 den, kein Theater während der Kriegszeit spielen, aber
462 2525 3744 2808 ich habe schon Annahmen und Zusicherungen für
486 2804 3647 3009 später und das Bewusstsein, nicht ganz vergebens
487 2971 3662 3273 dreier Jahre gepresste freie Stunden unter Aufgabe
485 3170 3560 3458 aller Geselligkeit, aller Freundschaft, aller Freude
487 3396 3733 3658 an dieses Werk gewandt zu haben. Jetzt freilich schlägt
510 3667 3713 3945 mir die Müdigkeit schwer in den Nacken: ich frage
482 3862 3776 4172 mich warum es mir als Einzigen versagt ist (nehme
520 4034 3703 4387 ich Werfel aus) einmal einen Monat frei und sich
515 4288 3647 4620 selbst gehörig leben zu dürfen und nicht täglich,
509 4550 3699 4803 nun fast 1000 Tage schon, in ein so stumpfsinniges
519 4753 3623 5077 Joch gezwängt zu sein. Aber ich klage nicht mehr:
496 4997 3758 5289 das Stück selbst ist ja meine verwandelte und erhobe¬
