1698 2698
52 72 1487 245 durchfallen, was doch immerhin
22 171 1519 360 möglich ist? Bei dem absoluten
34 289 1460 454 Versagen aller meiner innerlichen
54 400 1577 585 Lebensmöglichkeiten sehe ich nichts
34 520 1503 703 weiter vor mir, wenn auch mein
36 611 1501 789 äußerer Lebenszweck unerreichbar
62 699 1549 860 ist. Ich habe die schönsten und wert¬
40 822 1559 966 vollsten Jahre meines Lebens verge¬
44 908 1493 1059 hen lassen, ohne nach rechts und
16 1016 1553 1183 links zu schauen wie andere Mäd¬
12 1119 1579 1334 chen, habe mit Schenklappen auf
28 1256 1541 1410 mein künstlerisches Ziel hinge¬
24 1366 1559 1503 arbeitet und im Gefühle einer ge¬
24 1476 1573 1629 wissen inneren Kraft auf Manches
40 1587 1569 1752 verzichtet, um mich nicht zu ver¬
50 1699 1541 1906 zetteln und zu zersplittern – und
2 1812 1587 2019 wenn ich mir jetzt vorstelle, dass das
32 1926 1631 2091 Alles umsonst war, könnte ich weinen
44 2049 1573 2236 um jeden Ball, auf dem ich mir
26 2170 1607 2356 den Kopf zerbrochen habe um eine
26 2256 1605 2485 Arbeit, statt zu tanzen und mich –
92 2409 1541 2599 zu amüsieren. – – Ich habe auf
