1731 2583
104 18 1628 233 der ganzen Welt nichts, als meine
55 154 1622 332 Arbeit – ob gut oder schlecht ist
90 256 1661 510 eigentlich egal. Aber wenn ich nicht
41 401 1687 614 einmal mehr arbeiten kann – ?
76 557 1607 749 Also wenn Sie jetzt noch vomn
94 661 1581 907 Entwickelung in Bezug auf
72 833 1613 1001 mich sprechen wollen, so können
61 932 1638 1134 Sie nur von der Zeit sprechen, die
57 1063 1626 1263 weit hinter mir liegt! Zu dem
115 1175 1638 1388 Standpunkt der alten Arbeiten
104 1310 1568 1497 kann ich nicht zurück und
88 1405 1669 1636 vor mir liegt kein Weg mehr.
88 1548 1562 1726 Außer Sie sehen weiter und
63 1683 1134 1873 mehr als ich selbst
211 1808 1644 2021 Das musste zu Ihnen noch
59 1972 1579 2152 vorher sagen und dass ich Sie
55 2050 1654 2260 mit den Voraussetzungen bekannt
68 2183 1601 2396 machen musste aus denen Sie
215 2305 1521 2525 Ihre Schlüsse ziehen
