4147 5914
414 996 2892 1303 ne Klage und Anklage wider die Zeit.
425 1201 3415 1442 In wenigen Tagen ist es in Ihren Händen und
439 1488 3638 1660 wenn ein oder das andere daraus ihrem Herzen
469 1696 3586 1949 xxxx nah wird, ich empfinde ich viel als verklärt
473 1929 3660 2108 und entschuldigt. Ich grüsse Sie und Ihre verehrte
503 2106 3636 2383 Frau Gemahlin in alter Treue und Verehrung! Ihr
2802 2487 3682 2833 Stefan Zweig
