4095 6063
396 900 2536 1228 Kalksburg, 25. August 1917
333 1470 3550 1763 Verehrter lieber Herr Doktor, vielen
534 1744 3526 2048 Dank für Ihren guten Brief. Es liess
586 1986 3742 2293 mir doch keine Ruhe, ehe ich nicht Ihren
545 2294 3730 2532 Doktor Gräsler noch einmal gelesen hatte
586 2422 3750 2798 und ich zögere nicht, zu bekennen, dass
591 2708 3782 3004 dieas Unverstäehen des Schlusses mein Fehler
611 2955 3775 3235 war. Ich fühle es jetzt besser: dass diese
594 3230 3594 3498 scheinbare Episodenreihe (als die ich
604 3453 3785 3747 das Buch zuerst empfand) der concen¬
637 3671 3641 3986 trierte Lebenszustand dieses Menschen
644 3949 3748 4254 ist, das einzige Dasein im höheren Sinn
637 4191 3787 4530 der Spannung zwischen einer gleichgültigen
669 4399 3544 4742 Vergangenheit und Zukunft. Und ich
651 4685 3555 4945 empfinde jetzt erst, nachdem ich nicht
656 4941 3598 5279 mehr so hitzig zu Ende las, die ganze
