<?xml version="1.0" encoding="UTF-8" standalone="yes"?>
<PcGts xmlns="http://schema.primaresearch.org/PAGE/gts/pagecontent/2013-07-15" xmlns:xsi="http://www.w3.org/2001/XMLSchema-instance" xsi:schemaLocation="http://schema.primaresearch.org/PAGE/gts/pagecontent/2013-07-15 http://schema.primaresearch.org/PAGE/gts/pagecontent/2013-07-15/pagecontent.xsd">
    <Metadata>
        <Creator>prov=READ-COOP:name=TrHtr:version=2.27.0:model_id=356425:date=03_07_2025_12:06</Creator>
        <Created>2025-06-25T14:33:28.360+02:00</Created>
        <LastChange>2025-07-03T14:19:38.431+02:00</LastChange>
    </Metadata>
    <Page imageFilename="0092_Elsa-Plessner_9687.jpeg" imageWidth="3024" imageHeight="4032">
        <ReadingOrder>
            <OrderedGroup id="ro_1751552303780" caption="Regions reading order">
                <RegionRefIndexed index="0" regionRef="tr_1"/>
                <RegionRefIndexed index="1" regionRef="r_199"/>
            </OrderedGroup>
        </ReadingOrder>
        <TextRegion orientation="0.0" id="tr_1" custom="readingOrder {index:0;}">
            <Coords points="382,513 374,1948 2497,1962 2504,547"/>
            <TextLine id="l" custom="readingOrder {index:0;} dateline {offset:0; length:16;} opener {offset:0; length:16; continued:true;} date {offset:4; length:12;}">
                <Coords points="1392,653 1517,679 1593,653 1673,700 1837,726 2095,697 2095,471 1994,507 1887,476 1811,515 1751,494 1606,539 1452,497 1392,515"/>
                <Baseline points="1406,660 1432,657 1458,657 1484,658 1510,660 1537,662 1563,661 1589,656 1615,655 1642,657 1747,657 1777,653 1808,654 2102,664"/>
                <TextEquiv>
                    <Unicode>den 6. Dec. 1912</Unicode>
                </TextEquiv>
            </TextLine>
            <TextLine id="tr_1_tl_4" custom="readingOrder {index:1;} salute {offset:0; length:22;} opener {offset:0; length:22; continued:true;}">
                <Coords points="606,947 820,958 1200,856 1507,958 1658,864 1655,796 1424,713 1176,781 1096,750 1033,815 802,721 658,794 601,773"/>
                <Baseline points="618,857 670,844 722,842 774,842 827,842 879,842 931,842 983,846 1036,848 1088,850 1140,851 1192,854 1245,853 1297,855 1349,854 1401,854 1454,857 1506,861 1558,864 1610,863 1663,860"/>
                <TextEquiv>
                    <Unicode>Verehrter Herr Doctor!</Unicode>
                </TextEquiv>
            </TextLine>
            <TextLine id="l_1" custom="readingOrder {index:2;} work {offset:26; length:14;}">
                <Coords points="502,1051 770,984 1189,1085 1338,989 2457,973 1627,864 1463,960 1234,867 820,955 502,893"/>
                <Baseline points="516,982 603,983 690,982 777,981 864,979 951,979 1038,982 1125,982 1212,985 1299,985 1386,988 1473,988 1560,986 1647,985 1734,979 1821,978 1908,972 1995,967 2082,964 2169,957 2257,961 2389,973 2414,973 2439,969 2464,964"/>
                <TextEquiv>
                    <Unicode>Wie wundervoll schön ist »das weite Land«</Unicode>
                </TextEquiv>
            </TextLine>
            <TextLine id="tr_1_tl_7" custom="readingOrder {index:3;}">
                <Coords points="541,1135 734,1179 1031,1122 1116,1169 1197,1122 2498,1080 1973,989 1603,1054 1361,999 1176,1090 908,1018 812,1096 697,1023 541,1046"/>
                <Baseline points="555,1120 652,1120 750,1120 847,1120 945,1118 1042,1120 1140,1117 1237,1117 1335,1120 1432,1120 1530,1114 1627,1112 1725,1111 1822,1109 1920,1105 2017,1102 2115,1099 2212,1095 2310,1090 2407,1085 2505,1078"/>
                <TextEquiv>
                    <Unicode>Ich kannte es nicht und habe es heute zum</Unicode>
                </TextEquiv>
            </TextLine>
            <TextLine id="tr_1_tl_8" custom="readingOrder {index:4;}">
                <Coords points="429,1275 820,1280 947,1353 1044,1273 1260,1249 1426,1309 1535,1241 2368,1241 2368,1171 2277,1195 2059,1101 1762,1169 1699,1114 1028,1116 731,1179 435,1116"/>
                <Baseline points="445,1275 541,1269 637,1263 733,1259 830,1259 926,1262 1022,1257 1119,1257 1215,1253 1311,1245 1408,1245 1504,1240 1600,1237 1696,1227 1793,1230 1889,1223 1985,1220 2082,1221 2178,1221 2274,1218 2371,1221"/>
                <TextEquiv>
                    <Unicode>erstenmal gesehen. Jetzt hat mein Liebling</Unicode>
                </TextEquiv>
            </TextLine>
            <TextLine id="tr_1_tl_9" custom="readingOrder {index:5;} work {offset:15; length:15;}">
                <Coords points="429,1390 1707,1413 1869,1481 2134,1359 2340,1359 2342,1247 1535,1241 1431,1306 1249,1247 1049,1270 950,1351 820,1280 432,1275"/>
                <Baseline points="445,1388 540,1388 635,1382 730,1382 825,1382 920,1382 1015,1379 1110,1379 1205,1379 1300,1379 1396,1378 1491,1376 1586,1371 1681,1364 1776,1358 1871,1355 1966,1350 2061,1353 2156,1346 2251,1344 2347,1341"/>
                <TextEquiv>
                    <Unicode>in Ihrem Werk »der einsame Weg« einen</Unicode>
                </TextEquiv>
            </TextLine>
            <TextLine id="l_2" custom="readingOrder {index:6;}">
                <Coords points="424,1580 1111,1515 1522,1619 1775,1507 2056,1608 2337,1502 2439,1530 2444,1330 2176,1353 1869,1483 1707,1413 1382,1478 1278,1413 737,1387 427,1486"/>
                <Baseline points="439,1517 486,1518 534,1519 582,1516 630,1513 677,1511 725,1511 773,1511 821,1511 868,1511 916,1511 964,1508 1012,1508 1059,1509 1107,1508 1155,1508 1203,1508 1250,1507 1298,1504 1346,1502 1394,1514 1463,1514 1512,1508 1561,1511 1610,1510 1659,1508 1708,1507 1757,1505 1807,1503 1856,1502 1905,1502 1954,1496 2003,1493 2052,1493 2101,1489 2151,1486 2200,1484 2249,1481 2298,1478 2347,1476 2396,1473 2446,1475"/>
                <TextEquiv>
                    <Unicode>gefährlichen Rivalen gefunden. Aber das</Unicode>
                </TextEquiv>
            </TextLine>
            <TextLine id="tr_1_tl_12" custom="readingOrder {index:7;}">
                <Coords points="442,1697 2246,1616 2316,1660 2319,1577 2173,1541 2092,1603 1905,1595 1689,1533 1601,1601 1325,1614 1028,1530 445,1572"/>
                <Baseline points="459,1672 552,1660 645,1655 738,1651 831,1645 925,1646 1018,1645 1111,1642 1204,1639 1297,1636 1391,1633 1484,1634 1577,1632 1670,1629 1763,1630 1857,1627 1950,1627 2043,1622 2136,1619 2229,1615 2323,1612"/>
                <TextEquiv>
                    <Unicode>schönste ist, dass man sich freuen darf</Unicode>
                </TextEquiv>
            </TextLine>
            <TextLine id="tr_1_tl_13" custom="readingOrder {index:8;}">
                <Coords points="453,1827 2428,1783 2472,1684 2355,1718 2246,1616 1738,1694 1512,1634 669,1728 455,1697"/>
                <Baseline points="468,1797 568,1794 669,1792 769,1790 870,1788 970,1783 1071,1782 1171,1777 1272,1780 1372,1777 1473,1777 1573,1778 1674,1777 1774,1771 1875,1771 1975,1770 2076,1765 2176,1763 2277,1756 2377,1756 2478,1762"/>
                <TextEquiv>
                    <Unicode>auf viele neue Arbeiten, die noch kommen</Unicode>
                </TextEquiv>
            </TextLine>
            <TextEquiv>
                <Unicode></Unicode>
            </TextEquiv>
        </TextRegion>
        <TextRegion id="r_199" custom="readingOrder {index:1;}">
            <Coords points="372,2057 2499,2057 2499,3453 372,3453"/>
            <TextLine id="l_186" custom="readingOrder {index:0;}">
                <Coords points="416,2199 484,2197 547,2225 609,2220 630,2241 755,2212 757,1991 710,1988 692,2007 661,1994 617,2030 565,2017 419,2022"/>
                <Baseline points="431,2170 762,2165"/>
                <TextEquiv>
                    <Unicode>werden.</Unicode>
                </TextEquiv>
            </TextLine>
            <TextLine id="l_3" custom="readingOrder {index:1;} paragraph {offset:0; length:4;} date {offset:33; length:10; continued:true;}">
                <Coords points="461,2272 1244,2256 1509,2334 1783,2277 1965,2337 2337,2277 2340,2048 861,2017 690,2176 461,2223"/>
                <Baseline points="474,2267 501,2265 529,2263 556,2263 584,2263 612,2263 982,2260 1009,2260 1036,2260 1063,2259 2343,2235"/>
                <TextEquiv>
                    <Unicode>Wenn ich nicht irre, so habe ich vergangene</Unicode>
                </TextEquiv>
            </TextLine>
            <TextLine id="l_5" custom="readingOrder {index:2;} date {offset:0; length:5; continued:true;}">
                <Coords points="409,2449 588,2384 848,2386 1054,2467 1671,2376 2449,2386 2324,2303 2207,2358 2087,2285 1897,2347 1783,2277 1509,2334 1345,2269 1174,2360 783,2264 409,2319"/>
                <Baseline points="424,2383 449,2385 474,2386 500,2386 525,2385 550,2384 576,2383 601,2383 627,2385 652,2386 677,2386 703,2386 728,2386 754,2387 779,2389 804,2388 830,2386 855,2386 881,2389 925,2389 955,2387 985,2387 1015,2389 1281,2389 1339,2389 1398,2383 1457,2384 1515,2389 1574,2381 1633,2379 1691,2374 1750,2381 1809,2375 1868,2374 1926,2374 1985,2374 2044,2374 2102,2374 2161,2374 2220,2376 2278,2374 2337,2375 2396,2379 2455,2383"/>
                <TextEquiv>
                    <Unicode>Woche als Einzige den zähneknirschenden</Unicode>
                </TextEquiv>
            </TextLine>
            <TextLine id="l_4" custom="readingOrder {index:3;}">
                <Coords points="450,2540 2103,2524 2457,2595 2457,2392 1645,2376 1046,2511 971,2459 921,2506 450,2491"/>
                <Baseline points="465,2538 496,2538 527,2536 558,2532 590,2532 621,2532 652,2532 683,2532 715,2530 746,2530 777,2532 808,2530 840,2530 871,2532 902,2532 933,2532 965,2532 996,2532 1027,2535 1058,2538 1090,2538 1194,2529 1257,2529 1321,2534 1384,2529 1448,2529 1511,2529 1575,2529 1638,2529 1702,2532 1765,2529 1829,2529 1892,2528 1956,2526 2019,2529 2083,2526 2146,2523 2210,2520 2273,2520 2337,2520 2400,2523 2464,2523"/>
                <TextEquiv>
                    <Unicode>Grimm, den tückischen Humor bemerkt,</Unicode>
                </TextEquiv>
            </TextLine>
            <TextLine id="l_7" custom="readingOrder {index:4;}">
                <Coords points="398,2714 1387,2649 1853,2709 2493,2673 2379,2566 2163,2629 1991,2530 1348,2569 401,2517"/>
                <Baseline points="415,2682 463,2680 512,2676 560,2676 609,2672 657,2672 706,2670 754,2670 803,2670 851,2673 900,2670 948,2669 997,2664 1045,2664 1094,2664 1142,2664 1191,2660 1239,2658 1288,2658 1336,2655 1385,2649 1448,2652 1474,2652 1500,2652 1526,2654 1553,2655 1606,2664 1650,2673 1695,2673 1739,2684 1784,2675 1828,2675 1873,2672 1917,2668 1962,2667 2006,2665 2051,2660 2095,2658 2140,2658 2184,2658 2229,2656 2273,2653 2318,2650 2362,2649 2407,2649 2451,2649 2496,2652"/>
                <TextEquiv>
                    <Unicode>der den »gemüthlichen Hofrath« aus dem</Unicode>
                </TextEquiv>
            </TextLine>
            <TextLine id="l_6" custom="readingOrder {index:5;} work {offset:1; length:15;}">
                <Coords points="453,2863 1090,2805 1392,2899 1525,2845 1673,2915 1744,2847 2428,2904 2431,2649 1853,2707 1405,2649 455,2678"/>
                <Baseline points="468,2813 553,2807 639,2809 725,2813 811,2813 896,2807 982,2807 1068,2807 1154,2804 1239,2806 1325,2806 1411,2807 1497,2806 1582,2808 1668,2806 1754,2804 1840,2801 1925,2800 2011,2795 2097,2793 2183,2789 2278,2798 2303,2797 2329,2796 2354,2796 2380,2798 2405,2801 2431,2805"/>
                <TextEquiv>
                    <Unicode>»Prof. Bernhardy« geschaffen hat. Prototyp</Unicode>
                </TextEquiv>
            </TextLine>
            <TextLine id="l_9" custom="readingOrder {index:6;} place {offset:16; length:11;}">
                <Coords points="416,2951 656,3011 2446,2907 1676,2917 1530,2847 1392,2899 955,2805 419,2868"/>
                <Baseline points="430,2944 456,2946 482,2952 509,2952 535,2950 561,2952 588,2953 614,2953 640,2952 667,2950 693,2950 719,2950 746,2952 772,2950 798,2942 825,2942 851,2944 877,2944 902,2955 948,2957 1013,2951 1079,2953 1145,2953 1211,2953 1276,2958 1342,2958 1408,2953 1474,2951 1539,2950 1605,2946 1671,2941 1737,2941 1802,2938 1868,2935 1934,2926 2000,2925 2065,2923 2131,2923 2197,2920 2263,2923 2308,2914 2336,2914 2364,2916 2451,2938"/>
                <TextEquiv>
                    <Unicode>»das »liberale« Oesterreich« – Ich sah vor meinem in¬</Unicode>
                </TextEquiv>
            </TextLine>
            <TextLine id="l_8" custom="readingOrder {index:7;}">
                <Coords points="432,3118 721,3081 1038,3118 1150,3191 1405,3092 1546,3146 1658,3079 2423,3045 2426,2936 1442,2954 1309,3029 1080,2959 435,3037"/>
                <Baseline points="448,3073 533,3079 619,3078 704,3080 790,3085 876,3082 961,3085 1047,3088 1133,3088 1218,3094 1304,3094 1390,3091 1475,3090 1561,3086 1647,3080 1732,3072 1818,3070 1904,3070 1989,3066 2075,3064 2161,3060 2266,3035 2292,3033 2319,3032 2345,3035 2372,3038 2398,3039 2425,3039 2420,3040 2394,3041 2429,3040"/>
                <TextEquiv>
                    <Unicode>neren Auge eine gebellte Künstlerfaust – in</Unicode>
                </TextEquiv>
            </TextLine>
            <TextLine id="tr_1_tl_31" custom="readingOrder {index:8;}">
                <Coords points="435,3222 1195,3227 1195,3167 1145,3185 1041,3118 635,3131 570,3084 437,3074"/>
                <Baseline points="448,3219 482,3219 516,3218 550,3216 584,3216 618,3220 652,3220 686,3216 720,3216 754,3216 788,3216 822,3216 856,3216 890,3216 924,3215 958,3213 992,3213 1026,3211 1060,3210 1094,3211 1201,3217"/>
                <TextEquiv>
                    <Unicode>Glacéhandschuhen.</Unicode>
                </TextEquiv>
            </TextLine>
            <TextLine id="tr_1_tl_32" custom="readingOrder {index:9;} paragraph {offset:0; length:6;}">
                <Coords points="362,3396 2254,3240 2405,3279 2407,3219 2085,3066 1660,3076 1325,3235 370,3258"/>
                <Baseline points="382,3315 480,3315 579,3316 677,3315 776,3316 874,3312 973,3315 1071,3309 1170,3304 1268,3298 1367,3294 1466,3291 1564,3290 1663,3283 1761,3277 1860,3273 1958,3267 2057,3260 2155,3255 2254,3238 2410,3252"/>
                <TextEquiv>
                    <Unicode>Nichts für ungut. Heimsuchung mit unerbetenen Mei¬</Unicode>
                </TextEquiv>
            </TextLine>
            <TextLine id="tr_1_tl_33" custom="readingOrder {index:10;} person {offset:42; length:8;}">
                <Coords points="453,3435 1572,3490 1759,3375 1889,3412 2082,3349 2381,3404 2386,3271 1364,3292 945,3375 887,3323 455,3321"/>
                <Baseline points="468,3398 529,3395 590,3396 651,3400 713,3401 774,3398 835,3393 896,3395 958,3395 1019,3395 1080,3392 1141,3392 1203,3395 1264,3395 1325,3396 1386,3392 1448,3389 1509,3386 1570,3383 1631,3381 2394,3326"/>
                <TextEquiv>
                    <Unicode>nungsäusserungen. Verbindlichstes an Frau Gemahlin!</Unicode>
                </TextEquiv>
            </TextLine>
            <TextLine id="l_3217" custom="readingOrder {index:11;} signed {offset:0; length:13;} closer {offset:0; length:13;}">
                <Coords points="1697,3464 2189,3464 2194,3360 2137,3386 2079,3347 2048,3365 2009,3349 1965,3373 1910,3357 1850,3388 1699,3381"/>
                <Baseline points="1710,3431 1810,3424 1929,3417 1966,3420 2080,3410 2199,3410"/>
                <TextEquiv>
                    <Unicode>Elsa Ginsberg</Unicode>
                </TextEquiv>
            </TextLine>
            <TextEquiv>
                <Unicode></Unicode>
            </TextEquiv>
        </TextRegion>
    </Page>
</PcGts>
