4095 6063
396 1138 3595 1492 künstlerische Plastik seiner Pychologie.
434 1426 3649 1732 Freilich, wie ist sie verborgen, wie wenige
440 1709 3569 2000 werden spüren, dass hier der Anker bis
479 1969 3519 2272 in die Untiefe, ins letzte Geheimnis der
494 2154 3599 2487 Lebensangst gelegt ist und werden mei¬
480 2437 3549 2715 nen – wie ja ich selbst zuerst – das
486 2732 3576 3033 Schiff steure ein wenig willkürlich auf
500 2953 3662 3232 seiner Strömung! Es ist mit solcher Nob¬
510 3216 3626 3487 lesse das Ungesagte gesagt und das Ge¬
499 3488 3554 3723 sagte wieder um seine Härte gebracht,
521 3684 3564 3954 dass ich mich im Sinne der höhern Ge¬
491 3937 3648 4250 rechtigkeit (von der wir doch einzig den
552 4159 3441 4487 furchtbaren Dank haben) unendlich
576 4426 3585 4733 freue, noch einmal dies Buch begonnen
526 4684 3518 4959 und beendet zu haben. Dass Sie, wie
531 4946 3671 5221 schon in der letzten Novelle, dem einsti¬
