4095 6063
505 1146 3613 1498 gen allzu wienerischen Milieu aus ge¬
545 1462 3729 1700 wichen sind, das gesellschaftliche Problem
510 1710 3725 2019 als geringes gegenüber dem blutmässigen,
529 1953 3687 2243 tiefinnersten empfinden, spüre ich mit
536 2204 3672 2515 geradezu persönlicher Dankbarkeit. Ich
551 2422 3752 2735 weiss nicht, ob ich es trotz meiner grossen
562 2652 3727 2982 und nie gebeugten menschlichen Ver¬
568 2873 3586 3210 ehrung vermocht hätte, Ihrem Werke
566 3157 3668 3475 auf die Dauer treu zu bleiben, wenn
589 3435 3647 3649 es im bourgeoisen, oft typisch wieneri¬
595 3614 3515 3902 schen Problem sich begrenzt hätte. Ich
601 3901 3730 4217 habe an Ihrem Werk immer die Bücher
586 4158 3721 4440 am meisten geliebt, wo der Inhalt ein
605 4396 3696 4661 allmenschlicher, allgültiger war (Frau
588 4608 3623 4840 Berta Garlan, Reigen, Ruf des Lebens,
607 4835 3729 5144 die letzten Novellen) und bin so glück¬
598 5052 3462 5368 lich, dass diese Verinnerlichung
