<?xml version="1.0" encoding="UTF-8" standalone="yes"?>
<PcGts xmlns="http://schema.primaresearch.org/PAGE/gts/pagecontent/2013-07-15" xmlns:xsi="http://www.w3.org/2001/XMLSchema-instance" xsi:schemaLocation="http://schema.primaresearch.org/PAGE/gts/pagecontent/2013-07-15 http://schema.primaresearch.org/PAGE/gts/pagecontent/2013-07-15/pagecontent.xsd">
    <Metadata>
        <Creator>prov=READ-COOP:name=TrHtr:version=2.27.0:model_id=356425:date=03_07_2025_12:07</Creator>
        <Created>2025-06-25T14:33:28.702+02:00</Created>
        <LastChange>2025-07-03T15:05:52.028+02:00</LastChange>
    </Metadata>
    <Page imageFilename="0094_Elsa-Plessner_9689.jpeg" imageWidth="3024" imageHeight="4032">
        <ReadingOrder>
            <OrderedGroup id="ro_1751552303802" caption="Regions reading order">
                <RegionRefIndexed index="0" regionRef="tr_1"/>
            </OrderedGroup>
        </ReadingOrder>
        <TextRegion orientation="0.0" id="tr_1" custom="readingOrder {index:0;}">
            <Coords points="259,365 259,3488 2493,3488 2493,365"/>
            <TextLine id="l_1" custom="readingOrder {index:0;}">
                <Coords points="280,559 570,487 833,531 1306,468 1392,526 2388,520 2350,332 277,280"/>
                <Baseline points="295,501 321,498 347,495 374,495 400,494 427,492 453,490 479,489 506,487 532,485 559,483 585,482 612,481 690,481 775,477 860,468 945,471 1031,471 1116,469 1201,466 1286,468 1372,480 1457,483 1542,483 1627,483 1713,481 1798,483 1883,482 1968,483 2054,486 2139,486 2224,492 2309,494 2395,495"/>
                <TextEquiv>
                    <Unicode>konnte, wieder als Bühnenschriftstel¬</Unicode>
                </TextEquiv>
            </TextLine>
            <TextLine id="tr_1_tl_4" custom="readingOrder {index:1;}">
                <Coords points="268,675 894,637 1093,720 1356,639 1569,703 1749,664 1849,744 1948,675 2452,650 2452,589 2220,493 1038,482 598,617 268,554"/>
                <Baseline points="283,648 391,642 500,639 609,635 718,633 826,633 935,633 1044,633 1153,630 1261,633 1370,633 1479,633 1588,632 1696,633 1805,639 1914,639 2023,640 2131,642 2240,645 2349,645 2458,645"/>
                <TextEquiv>
                    <Unicode>lerin in der Öffentlichkeit zu erscheinen.</Unicode>
                </TextEquiv>
            </TextLine>
            <TextLine id="tr_1_tl_5" custom="readingOrder {index:2;}">
                <Coords points="376,872 797,836 1016,919 1586,811 2250,811 2250,689 2076,761 1420,661 1220,767 971,667 376,700"/>
                <Baseline points="391,812 484,807 577,806 670,807 764,806 857,806 950,807 1044,806 1137,815 1230,809 1324,809 1417,809 1510,808 1603,805 1697,802 1790,800 1883,798 1977,794 2070,794 2163,794 2257,797"/>
                <TextEquiv>
                    <Unicode>Daher habe ich auf Anrathen eines</Unicode>
                </TextEquiv>
            </TextLine>
            <TextLine id="tr_1_tl_6" custom="readingOrder {index:3;}">
                <Coords points="318,1021 623,1063 803,988 1409,1063 1472,1013 1666,1088 2037,980 2433,996 2433,841 1738,811 1517,891 537,933 318,850"/>
                <Baseline points="334,970 439,964 544,964 649,964 754,966 859,966 964,964 1070,968 1175,970 1280,970 1385,970 1490,968 1595,969 1700,963 1806,964 1911,961 2016,961 2121,958 2226,964 2331,967 2437,973"/>
                <TextEquiv>
                    <Unicode>kleinen, wie mir scheint, recht urtheils¬</Unicode>
                </TextEquiv>
            </TextLine>
            <TextLine id="tr_1_tl_7" custom="readingOrder {index:4;}">
                <Coords points="313,1234 515,1162 592,1226 924,1151 1276,1193 1384,1115 1630,1171 1863,1110 2394,1149 2291,996 2197,1057 2004,991 1868,1088 1256,1016 996,1079 858,991 667,1071 315,1018"/>
                <Baseline points="328,1146 431,1134 535,1130 638,1123 742,1120 846,1120 949,1120 1053,1114 1157,1113 1260,1114 1364,1111 1468,1108 1571,1111 1675,1108 1779,1105 1882,1106 1986,1105 2090,1108 2193,1108 2297,1113 2401,1120"/>
                <TextEquiv>
                    <Unicode>fähigen Freundeskreises, ein dreiacti¬</Unicode>
                </TextEquiv>
            </TextLine>
            <TextLine id="l" custom="readingOrder {index:5;} work {offset:16; length:17;}">
                <Coords points="282,1431 434,1339 811,1306 1259,1356 1425,1276 1838,1362 2184,1262 2422,1303 2422,1209 2009,1113 1901,1207 1600,1140 1392,1237 1041,1179 922,1248 520,1162 288,1262"/>
                <Baseline points="301,1305 341,1315 381,1315 422,1314 462,1312 502,1307 543,1305 583,1302 623,1299 664,1297 704,1296 744,1292 785,1292 825,1292 865,1291 906,1293 946,1293 986,1290 1027,1286 1067,1284 1108,1281 1161,1281 1224,1284 1287,1284 1351,1281 1414,1277 1477,1275 1541,1275 1604,1279 1667,1281 1731,1278 1794,1275 1857,1274 1921,1272 1984,1269 2047,1267 2111,1263 2174,1261 2237,1261 2301,1257 2364,1257 2428,1254"/>
                <TextEquiv>
                    <Unicode>ges Schauspiel »das erste Capitel« den</Unicode>
                </TextEquiv>
            </TextLine>
            <TextLine id="tr_1_tl_11" custom="readingOrder {index:6;} place {offset:0; length:8;} place {offset:9; length:13;}">
                <Coords points="302,1522 595,1492 808,1555 872,1497 1002,1541 1295,1483 1367,1547 1868,1458 2001,1561 2424,1445 2394,1295 2211,1375 1420,1323 1126,1392 814,1309 459,1422 307,1373"/>
                <Baseline points="319,1493 424,1490 530,1487 635,1484 741,1481 847,1469 952,1466 1058,1463 1163,1461 1269,1460 1375,1459 1480,1457 1586,1454 1691,1450 1797,1448 1903,1444 2008,1439 2114,1436 2219,1429 2325,1424 2431,1418"/>
                <TextEquiv>
                    <Unicode>Münchner Kammerspielen eingereicht.</Unicode>
                </TextEquiv>
            </TextLine>
            <TextLine id="tr_1_tl_12" custom="readingOrder {index:7;}">
                <Coords points="310,1702 1470,1619 2377,1655 2380,1555 2134,1508 1976,1569 1857,1467 1699,1558 888,1500 808,1553 315,1536"/>
                <Baseline points="328,1678 430,1663 533,1659 636,1651 739,1646 842,1639 945,1632 1048,1631 1151,1624 1254,1621 1357,1618 1459,1618 1562,1618 1665,1614 1768,1613 1871,1615 1974,1611 2077,1606 2180,1605 2283,1603 2386,1609"/>
                <TextEquiv>
                    <Unicode>Diese Arbeit, noch aus meiner Mädchen¬</Unicode>
                </TextEquiv>
            </TextLine>
            <TextLine id="tr_1_tl_13" custom="readingOrder {index:8;}">
                <Coords points="315,1879 548,1799 1193,1785 1428,1871 1561,1780 1757,1934 2311,1918 2314,1672 2253,1658 1373,1674 1298,1625 858,1730 318,1696"/>
                <Baseline points="331,1809 430,1803 529,1797 628,1794 728,1794 827,1792 926,1789 1026,1788 1125,1787 1224,1783 1324,1784 1423,1783 1522,1777 1621,1774 1721,1772 1820,1768 1919,1771 2019,1773 2118,1776 2217,1782 2317,1786"/>
                <TextEquiv>
                    <Unicode>zeit stammend, ist fast die einzige</Unicode>
                </TextEquiv>
            </TextLine>
            <TextLine id="tr_1_tl_14" custom="readingOrder {index:9;} work {offset:21; length:12;}">
                <Coords points="271,1995 924,1979 1052,2076 1276,2092 1616,1948 1863,1962 1948,2042 2139,1943 2458,1943 2460,1824 2350,1744 2159,1827 1995,1768 1539,1788 1442,1868 985,1788 271,1907"/>
                <Baseline points="286,1977 400,1968 515,1963 630,1959 744,1959 859,1952 974,1948 1088,1947 1203,1950 1318,1948 1432,1950 1547,1947 1662,1949 1776,1942 1891,1941 2006,1941 2120,1936 2235,1938 2350,1939 2465,1939"/>
                <TextEquiv>
                    <Unicode>meiner literarischen Jugendsünden, die</Unicode>
                </TextEquiv>
            </TextLine>
            <TextLine id="tr_1_tl_15" custom="readingOrder {index:10;}">
                <Coords points="274,2178 470,2242 872,2206 963,2125 1237,2195 1558,2120 1799,2192 1901,2125 2092,2264 2449,2247 2455,1946 2139,1943 1799,2073 1608,1951 1256,2078 919,1993 578,2081 277,2037"/>
                <Baseline points="289,2165 397,2141 505,2135 614,2129 722,2123 831,2120 939,2116 1048,2111 1156,2108 1265,2105 1373,2103 1481,2105 1590,2103 1698,2108 1807,2108 1915,2105 2024,2103 2132,2102 2241,2108 2349,2108 2458,2120"/>
                <TextEquiv>
                    <Unicode>begangen zu haben ich nicht bereue,</Unicode>
                </TextEquiv>
            </TextLine>
            <TextLine id="tr_1_tl_16" custom="readingOrder {index:11;}">
                <Coords points="266,2341 1511,2341 1691,2278 2125,2408 2264,2294 2482,2361 2488,2120 2286,2101 1957,2208 1887,2150 1586,2250 1464,2150 1298,2228 1090,2128 875,2222 268,2280"/>
                <Baseline points="280,2326 390,2320 501,2311 611,2302 722,2295 833,2293 943,2295 1054,2290 1165,2285 1275,2279 1386,2278 1497,2267 1607,2271 1718,2269 1829,2268 1939,2266 2050,2267 2161,2269 2271,2272 2382,2275 2493,2272"/>
                <TextEquiv>
                    <Unicode>und die meinem, seit vierzehn Jahren</Unicode>
                </TextEquiv>
            </TextLine>
            <TextLine id="tr_1_tl_17" custom="readingOrder {index:12;}">
                <Coords points="268,2463 434,2469 556,2568 714,2455 1434,2430 1536,2521 2081,2585 2283,2524 2394,2568 2397,2358 2264,2294 2114,2410 1982,2308 1793,2361 1724,2300 1569,2375 1328,2297 1010,2372 875,2300 498,2424 268,2416"/>
                <Baseline points="283,2461 389,2461 495,2454 601,2453 707,2449 813,2443 919,2440 1025,2440 1131,2434 1237,2431 1343,2430 1449,2427 1555,2425 1661,2422 1767,2423 1873,2428 1979,2428 2085,2428 2191,2431 2297,2434 2404,2434"/>
                <TextEquiv>
                    <Unicode>einigermaßen gereiften Urtheil heute</Unicode>
                </TextEquiv>
            </TextLine>
            <TextLine id="tr_1_tl_18" custom="readingOrder {index:13;}">
                <Coords points="280,2640 855,2613 985,2662 1043,2610 1387,2643 1644,2585 1934,2618 2073,2701 2275,2668 2278,2546 1959,2532 1827,2433 1539,2524 1010,2444 769,2474 601,2574 282,2482"/>
                <Baseline points="295,2622 394,2619 493,2614 592,2610 692,2609 791,2605 890,2604 990,2601 1089,2598 1188,2602 1288,2600 1387,2595 1486,2589 1585,2586 1685,2587 1784,2589 1883,2592 1983,2589 2082,2589 2181,2593 2281,2592"/>
                <TextEquiv>
                    <Unicode>noch wertvoll erscheint. Sie selbst,</Unicode>
                </TextEquiv>
            </TextLine>
            <TextLine id="l_3" custom="readingOrder {index:14;}">
                <Coords points="324,2792 1793,2756 2045,2839 2261,2776 2452,2864 2452,2718 2286,2651 1965,2723 1613,2599 1198,2740 869,2615 324,2718"/>
                <Baseline points="340,2774 397,2772 454,2768 512,2767 569,2765 627,2765 684,2765 741,2763 799,2759 856,2763 914,2759 971,2765 1028,2760 1086,2762 1143,2758 1201,2759 1258,2762 1315,2759 1373,2756 1430,2756 1488,2758 1559,2760 1588,2757 1618,2759 1648,2759 1678,2759 1708,2759 1738,2757 1767,2756 1797,2756 1827,2754 1857,2752 1887,2750 1917,2750 1947,2749 1976,2747 2006,2749 2036,2749 2066,2747 2096,2751 2126,2755 2156,2758 2204,2741 2229,2743 2255,2745 2280,2748 2306,2750 2331,2750 2460,2764"/>
                <TextEquiv>
                    <Unicode>verehrter Herr Doctor, haben sie, wie</Unicode>
                </TextEquiv>
            </TextLine>
            <TextLine id="tr_1_tl_22" custom="readingOrder {index:15;} work {offset:11; length:8;}">
                <Coords points="304,2958 1890,2914 2172,3019 2441,3011 2394,2839 2045,2839 1946,2776 1840,2873 1586,2892 1113,2873 1005,2779 725,2873 307,2801"/>
                <Baseline points="319,2932 424,2926 529,2920 634,2917 740,2916 845,2914 950,2914 1056,2914 1161,2913 1266,2912 1372,2911 1477,2914 1582,2914 1687,2914 1793,2913 1898,2912 2003,2915 2109,2918 2214,2915 2319,2913 2447,2916"/>
                <TextEquiv>
                    <Unicode>alle meine Arbeiten unmittelbar nach</Unicode>
                </TextEquiv>
            </TextLine>
            <TextLine id="tr_1_tl_23" custom="readingOrder {index:16;}">
                <Coords points="304,3149 515,3180 922,3083 1226,3149 1602,3075 1752,3221 2037,3221 2247,3080 2380,3086 2380,3011 2037,2964 1843,3053 1622,2997 1140,3061 916,2934 584,2936 465,3033 304,3003"/>
                <Baseline points="319,3091 406,3088 493,3085 580,3088 667,3085 755,3082 842,3082 929,3082 1016,3085 1103,3080 1191,3079 1278,3070 1365,3074 1452,3074 1539,3070 1627,3070 1714,3073 1801,3075 1888,3067 1975,3070 2386,3074"/>
                <TextEquiv>
                    <Unicode>der Entstehung gelesen, und in</Unicode>
                </TextEquiv>
            </TextLine>
            <TextLine id="tr_1_tl_24" custom="readingOrder {index:17;}">
                <Coords points="244,3321 816,3274 963,3410 1525,3410 1641,3338 1846,3421 2048,3255 2303,3268 2305,3130 1807,3241 1392,3075 1232,3152 933,3080 554,3232 246,3133"/>
                <Baseline points="259,3288 330,3280 401,3275 473,3273 544,3272 616,3267 687,3267 758,3267 830,3257 901,3258 973,3260 1044,3259 1115,3261 1187,3261 1258,3264 1330,3261 1401,3259 1472,3258 1544,3261 1615,3261 2310,3251"/>
                <TextEquiv>
                    <Unicode>einem, in meinem Besitz</Unicode>
                </TextEquiv>
            </TextLine>
            <TextLine id="tr_1_tl_25" custom="readingOrder {index:18;}">
                <Coords points="299,3484 493,3562 1126,3426 1752,3531 1885,3451 2222,3498 2460,3465 2460,3191 1899,3338 1777,3279 1633,3368 1497,3288 1273,3365 1068,3304 661,3376 562,3299 299,3315"/>
                <Baseline points="313,3452 360,3455 407,3452 454,3449 502,3448 549,3444 596,3445 644,3442 691,3439 738,3436 786,3433 833,3431 880,3429 928,3426 975,3425 1022,3420 1070,3421 1117,3425 1164,3422 2468,3444"/>
                <TextEquiv>
                    <Unicode>befindlichen Briefe an mich</Unicode>
                </TextEquiv>
            </TextLine>
            <TextEquiv>
                <Unicode></Unicode>
            </TextEquiv>
        </TextRegion>
    </Page>
</PcGts>
