4095 6063
307 941 3707 1249 in den letzten Jahren so fortschreitet, in
350 1170 3617 1499 denselben Jahren, in denen sie bei den
386 1442 3762 1704 meisten abzunehmen pflegt. Dass Ihnen heu¬
426 1701 3422 1994 te künstlerisch nur mehr wichtig ist,
400 1919 3611 2240 was xx menschlich wichtig ist: das Blut¬
421 2193 3577 2486 problem, die Gefühle des nakten, nicht
430 2441 3649 2672 bloss des socialen Menschen, scheint mir Verheissung und Erfüllung. Die Bourgeoi¬
456 2678 3700 2981 sie ist mit allen ihren Problemen im letzen,
457 2918 3736 3199 glaube ich, unfruchtbar, es sei denn, dass
472 3178 3677 3456 man sie mit dem Hass und der Verach¬
480 3396 3728 3698 tng anfasst, die sie verdient. Darüber bin
492 3631 3477 3978 ich persönlich in diesem Kriege ganz
496 3852 3759 4202 klar geworden und gerade an den Besten
505 4168 3696 4447 wie Werfel, spüre ich diese Wahrheit bestä¬
466 4390 813 4641 tigt.
468 4542 3500 4835 Mein Buch zögert und zögert noch: ich
482 4794 3702 5094 habe uns Bühnenexemplare. Aber in paar
481 5050 3485 5226 Tagen ist es doch in Ihren Händen! Mit
470 5193 2421 5386 vielen Grüssen Ihr getreuer
2770 5201 3723 5385 Stefan Zweig
