3024 4032
294 237 2471 468 zu meinem größten Stolz als ¬unend¬
343 372 2373 652 lich fein« gelobt. – Das erste Cap.
315 549 2474 772 ist nun in einer leichten Überarbeitung –
315 699 2485 943 die nichts geschädigt hat, was an dem
370 821 2436 1068 Stück lobenswert war – Herrn Dir. Ziegel
345 987 2286 1237 zugesandt worden und ich bitte
356 1139 2455 1378 Sie nicht um Ihre Fürsprache son¬
367 1272 2390 1528 dern ich fühle mich verpflichtet,
345 1436 2488 1669 Ihnen mitzutheilen, dass ich in dem Begleit¬
348 1566 2507 1851 brief an Herrn Ziegel folgenden Paßus schrieb:
394 1699 2488 1968 Arthur Schnitzler, der die Arbeit in ei¬
310 1884 2455 2213 ner früheren Form kannte, bezeichnete sie
343 2058 2083 2349 mir als, unendlich fein«. –
557 2199 2412 2485 Ich musste – verschollen, wie ich als
356 2338 2390 2610 Schriftstellerin bin –, einen Eidesbelter
351 2493 2327 2746 von Gewicht zu Hilfe rufen, damit
343 2615 2441 2920 man über das literarische Niveau des
343 2719 2534 3072 unbekannten Einsenders einigermaßen
345 2944 1389 3197 im Klaren sei. –
386 3023 2507 3336 Es ist daher sehr leicht möglich, dass
392 3178 2469 3499 Herr Dir. Ziegel sich an Sie, verehrter
533 3350 2474 3670 Herr Doctor, mit einer dies¬
