3024 4032
265 223 2536 511 bezüglichen Frage wendet, wenn Sie hier sind.
288 418 2491 686 Um Ihnen nun die Verlegenheit zu er¬
246 559 2510 799 sparen, wenn Sie sich, wie leicht denkbar,
223 703 2485 923 nicht mehr an das »erste Cap.« und Ihr da¬
217 847 2445 1098 maliges Urtheil erinnern, eine Verlegen¬
251 1014 2395 1231 heit, aus der für mich eine peinliche
322 1127 2462 1415 folgenschwere Blamage entstehen könnte,
325 1293 2372 1542 erlaube ich mir, diesen Brief an Sie.
489 1457 2499 1708 Ihr damaliges Urtheil war für mich
339 1576 2524 1790 von entscheidender Bedeutung, was nicht
274 1731 2522 1965 hindert, dass Autor u. Stück Ihrem Gedächt¬
308 1883 2553 2143 ins gänzlich entschwunden sein könnten.
607 2011 2553 2307 Ich hoffe, Sie sind nicht böse, dass ich
359 2191 2555 2395 mich ohne Ihr Vorwissen unter Ihren Schutz
333 2304 2443 2547 stellte, und dass ich Sie hiermit vielmals
455 2417 2505 2770 bitte, mich gegebenenfalls nicht zu des¬
384 2592 954 2790 avouiren.
562 2683 2567 2940 Indem ich Sie bitte, Ihrer Frau Gemah¬
381 2818 2561 3117 lin meinen verbindlichsten Gruß zu über¬
429 2971 2553 3259 mitteln mit vorzüglicher Hochachtung
1248 3185 2550 3569 Elsa Ginsberg-Plessner
