2721 4697
1807 2272 2039 2304 Salzburg
336 2389 2419 2528 Lieber verehrter Herr Doktor, von Zermatt her weiss
379 2522 2397 2695 ich noch, wie gut es ist, mit Ihnen zu sprechen
419 2695 2363 2875 und weiss es nun wieder, wie wohltuend auch
395 2838 2411 2981 Ihr geschriebenes Wort einen grüsst: Dankbar
425 3000 2332 3198 habe ich Ihren Eindruck und seine mich sehr
396 3163 2303 3367 anregende Ausführlichkeit empfangen und
403 3317 2408 3513 Ihre Zustimmung gilt mir noch genau wie
424 3519 2407 3699 vor zwanzig Jahren als innere Bestärkung.
414 3649 2394 3835 Ich werde froh sein, bald Ihnen wieder die
401 3819 2435 3985 Hand reichen zu dürfen, viel Grüsse in alter
405 3978 1822 4161 Verehrung voraus! Ihr getreuer
1800 4025 2423 4217 Stefan Zweig
