4849 4246
3651 997 4551 1288 14. April 1919
3430 1219 4174 1367 VIII. Kochgasse 8.
3451 1344 4134 1522 Tel. 36404
550 1575 4553 1902 Lieber verehrter Herr Doktor, meines Bleibens in Wien
552 1941 4347 2237 wird nicht lange sein: in etwa 18 Tagen gehe ich, und
579 2163 4400 2459 diesmal wohl für immer, fort. Gerne hätte ich gerade Sie,
592 2373 4472 2632 den wandellos Verehrten, zuvor noch gesehen und bitte
600 2634 4588 2881 Sie um Wort und Erlaubnis, wann ich zu Ihnen kommen
601 2844 4554 3036 darf. Mit vielen Empfehlungen Ihrer verehrten Frau Ge¬­
583 3073 4483 3331 mahlin und den herzlichsten Grüssen Ihr Treu ergebener
3404 3301 4412 3660 Stefan Zweig
