2614 3345
74 64 2025 269 München, Theresienstraße 78, Pension Serno 9. I. 16
573 253 1471 509 Hochverehrter Herr Doctor!
339 531 2473 739 Nach vierzehn Jahren geschieht es mir heute zum ersten¬
35 643 2482 816 male wieder, dass ich Ihnen eine neue Arbeit vorzulegen habe, wirklich
32 758 2556 976 die erste und einzige seit ganzen vierzehn Jahren, während denen ich auch
42 889 2453 1049 nicht eine Zeile geschrieben habe – – Briefe ausgenommen. – Ich
29 960 2517 1187 habe in dieser Zeit nur ein bißchen gelebt und viel gesungen und
22 1046 2457 1273 nicht einmal mehr den Wunsch gefühlt, etwas niederzuschreiben. –
48 1193 2466 1363 Sie werden mich durchaus verändert finden und nur Ihr feines
74 1299 2434 1523 Gefühl wird die Linie nachziehen können, die vom »ersten Capitel«
13 1343 2559 1635 zu »Musik« führte. Diese Arbeit ist die Summe dessen, was ich
58 1500 2457 1743 leisten kann und zu sagen habe – bis heute, und mußte
77 1603 2495 1887 geschrieben werden. Diesmal wirklich das berühmte »Muss« –
99 1686 2585 2002 Daher weiß ich auch mit merkwürdiger Bestimmtheit, dass die Arbeit
86 1833 2517 2121 nicht vergebens war. Sowas fühlt man entweder – oder man fühlt
51 1958 2533 2198 es nicht. Sollte ich mich darüber dennoch täuschen, so ist für
48 2098 2044 2309 mich kein Verlass mehr auf irgend etwas in der Welt.
265 2156 2607 2412 In dem Stück selbst habe ich zu bemerken, dass es mir damit
16 2278 2479 2485 seltsam ergangen ist. Zu Anfang stand ich auf festem Boden, beinahe
22 2341 2565 2575 etwas zu viel »terre a terre«. In der Hälften des zweiten Actes begann
0 2444 2553 2693 sich aber mit der Situation und Stimmung unwillkürlich der Ton des
64 2565 2565 2783 Ganzen zu verändern und zu heben – – und ich konnte mit der
67 2681 2556 2949 größten Mühe kann den Vers zurückdrängen, der sich mir auf¬
3 2767 2527 3058 zwingen wollte. Ich sah mich plötzlich mitten in der Arbeit ganz
38 2879 2463 3138 unvermuthet vor ein Stilproblem gestellt, auf das ich nicht im Gering¬
64 2994 2434 3311 sten vorbereitet war – was gewiss die Anschauung bestätigt, dass
