2747 3725
76 396 2598 588 Frauenarbeit letzten Endes doch immer Improvisation bleibt – mag
68 480 2662 696 Sie vorher noch so gründlich durchdacht worden sein. Ich war gezwungen
48 664 2642 859 auf einer Linie weiterzugeben, die etwa die Resultirende zwischen Conver¬
72 780 2514 951 sationsstück und Stildrama sein dürfte, und konnte mich dabei
64 883 2666 1107 nur auf meinen Instinct verlassen. Daraus ist theilweise eine merk¬
60 995 2674 1171 würdige, hauptsächlich auf Rhythmus gestellte, Diction entstanden,
84 1111 2630 1371 auf Grund von mir allein fühlbaren musikalischen Gesetzen – und außerdem sehr
84 1235 2650 1475 beschränkt in der Wahl der Worte. Denn kein einziges Wort durfte
92 1363 2634 1619 mir unterlaufen, das in unserer Umgangssprache nicht gebräuchlich
108 1483 2690 1735 wäre. Sogar Arzt und Diener mussten sich in dieser Form ausdrücken
112 1591 2638 1799 können. Ich glaube, diese Diction ist neu – und ich hoffe, dass sie
60 1683 2710 1875 auch geglückt ist. – Sie werden ein Motiv in der Arbeit finden, das Sie selbst
72 1771 2726 1987 in der Stunde des Erkennens gestreift haben. Ich weiß, es ist unnötig, Ihnen
80 1903 2686 2067 zu versichern, dass ich mich nicht an Ihrem Eigenthum vergriffen habe,
100 1975 2690 2159 denn die Grundlagen meiner Arbeit stehen schon lange fest. Auch glaube
60 2099 2678 2291 ich, dass Sie, verehrter Herr Doctor, der ein wenig von meinem Leben weiß,
80 2179 2714 2387 sich selbst sagen können, auf welchem Wege auch ich zu diesem Motiv
80 2319 911 2502 Gelangen konnte. – – – –
188 2263 2566 2602 Das ganze Stück handelt von Musik – hörbarer und blos
148 2462 2654 2718 fühlbarer, und ist in Aufbau, Melodik und Klangfarbe
92 2578 2658 2814 irgendwie nach den Gesetzen der Musik entstanden. Die harte
92 2686 2698 2918 unbarmherzige Lösung hat mich selbst furchtbar erschreckt, als
76 2786 2570 3018 sie nur zuerst aufging. Später wusste ich, dass sie die einzig
120 2862 2670 3134 folgerichtige und gerechte sei. Die Sünde gegen den heiligen
160 3058 1323 3246 Geist ist die unverzeihliche. –
204 3078 2666 3358 Mehr will ich Ihnen für heute nicht sagen. Sie werden
100 3274 2562 3506 mich ohnedies schon für übergeschnappt halten – oder für
108 3310 2702 3650 bodenlos unverschämt. Ich hoffe nicht, dass ich das bin.
