<?xml version="1.0" encoding="UTF-8" standalone="yes"?>
<PcGts xmlns="http://schema.primaresearch.org/PAGE/gts/pagecontent/2013-07-15" xmlns:xsi="http://www.w3.org/2001/XMLSchema-instance" xsi:schemaLocation="http://schema.primaresearch.org/PAGE/gts/pagecontent/2013-07-15 http://schema.primaresearch.org/PAGE/gts/pagecontent/2013-07-15/pagecontent.xsd">
    <Metadata>
        <Creator>prov=University of Rostock/Institute of Mathematics/CITlab|PLANET AI GmbH/Gundram Leifert/gundram.leifert@planet-ai.de:name=Zweig_Stefan_final_neu(htr_id=39110)::::v=2.6.7
prov=University of Rostock/Institute of Mathematics/CITlab|PLANET AI GmbH/Tobias Gruening/tobias.gruening@planet-ai.de:name=de.uros.citlab.module.baseline2polygon.B2PSeamMultiOriented:v=2.6.7
prov=University of Rostock/Institute of Mathematics/CITlab|PLANET AI GmbH/Tobias Gruening/tobias.gruening@planet-ai.de:name=/net_tf/LA76_249_0mod90.pb:de.uros.citlab.segmentation.CITlab_LA_ML:v=2.6.7
Transkribus</Creator>
        <Created>2022-03-29T10:06:32.984+02:00</Created>
        <LastChange>2025-05-20T18:20:23.021+02:00</LastChange>
    </Metadata>
    <Page imageFilename="0098_00098 MS-SCHNITZLER-B-00118-000-00095.jpg" imageWidth="4849" imageHeight="4246">
        <ReadingOrder>
            <OrderedGroup id="ro_1747833867571" caption="Regions reading order">
                <RegionRefIndexed index="0" regionRef="r1"/>
            </OrderedGroup>
        </ReadingOrder>
        <TextRegion orientation="0.0" id="r1" custom="readingOrder {index:0;}">
            <Coords points="398,992 398,3594 4534,3594 4534,992"/>
            <TextLine id="r1l1" custom="readingOrder {index:0;} dateline {offset:0; length:16;} date {offset:0; length:16;}">
                <Coords points="2960,1123 3409,1180 3792,1123 4071,1229 4240,1236 4242,1027 4095,979 3931,1053 3728,964 3574,1013 3488,951 3222,1024 3146,957 2962,1006"/>
                <Baseline points="2986,1092 3047,1094 3109,1096 3170,1098 3232,1100 3294,1102 3355,1102 3417,1103 3478,1104 3540,1104 3602,1104 3663,1106 3725,1106 3786,1106 3848,1106 3910,1106 3971,1108 4033,1108 4094,1108 4156,1110 4218,1112"/>
                <TextEquiv>
                    <Unicode>12. October 1917</Unicode>
                </TextEquiv>
            </TextLine>
            <TextLine id="r1l3" custom="readingOrder {index:1;} pre-print {offset:0; length:18;} place {offset:0; length:17;} capitals {offset:6; length:9;}">
                <Coords points="3422,1377 3963,1347 4060,1405 4157,1391 4158,1268 3791,1264 3638,1231 3424,1265"/>
                <Baseline points="3450,1320 3484,1321 3518,1324 3552,1324 3586,1326 3620,1328 3654,1328 3688,1328 3722,1330 3756,1330 3791,1330 3825,1330 3859,1330 3893,1330 3927,1330 3961,1330 3995,1330 4029,1330 4063,1330 4097,1330 4132,1330"/>
                <TextEquiv>
                    <Unicode>VIII. Kochgasse 8.</Unicode>
                </TextEquiv>
            </TextLine>
            <TextLine id="r1l4" custom="readingOrder {index:2;} paragraph {offset:0; length:6;}">
                <Coords points="372,1870 3429,1803 4478,1940 4480,1725 4277,1668 2997,1621 2592,1751 2242,1605 802,1736 375,1549"/>
                <Baseline points="398,1788 600,1794 803,1800 1006,1804 1209,1806 1412,1808 1614,1810 1817,1810 2020,1810 2223,1810 2426,1810 2628,1810 2831,1810 3034,1812 3237,1813 3440,1816 3642,1818 3845,1822 4048,1828 4251,1834 4454,1844"/>
                <TextEquiv>
                    <Unicode>Lieber verehrter Herr Doktor, ich danke Ihnen sehr für</Unicode>
                </TextEquiv>
            </TextLine>
            <TextLine id="r1l5" custom="readingOrder {index:3;} work {offset:30; length:4;}">
                <Coords points="406,2116 4478,2103 4163,1936 3937,2036 408,1917"/>
                <Baseline points="430,2070 631,2070 832,2070 1033,2070 1234,2070 1436,2070 1637,2072 1838,2073 2039,2074 2240,2076 2442,2078 2643,2080 2844,2082 3045,2085 3246,2088 3448,2092 3649,2095 3850,2098 4051,2104 4252,2108 4454,2114"/>
                <TextEquiv>
                    <Unicode>Ihre guten Worte; dass dieses Werk, eigentlich aus Zorn</Unicode>
                </TextEquiv>
            </TextLine>
            <TextLine id="r1l6" custom="readingOrder {index:4;}">
                <Coords points="419,2347 4469,2424 4466,2255 3430,2293 2606,2099 1828,2248 421,2219"/>
                <Baseline points="446,2308 646,2308 846,2310 1046,2310 1246,2312 1446,2314 1646,2316 1846,2318 2046,2320 2246,2322 2446,2325 2646,2328 2846,2330 3046,2334 3246,2336 3446,2340 3646,2342 3846,2346 4046,2350 4246,2354 4446,2358"/>
                <TextEquiv>
                    <Unicode>und Qual geboren, mir nun Liebe gerade der Besten ge¬</Unicode>
                </TextEquiv>
            </TextLine>
            <TextLine id="r1l7" custom="readingOrder {index:5;}">
                <Coords points="423,2588 4453,2667 4456,2489 3921,2439 426,2415"/>
                <Baseline points="450,2550 648,2550 847,2550 1046,2550 1245,2552 1444,2554 1643,2556 1842,2558 2041,2562 2240,2566 2439,2569 2637,2573 2836,2576 3035,2580 3234,2586 3433,2588 3632,2592 3831,2596 4030,2600 4229,2602 4428,2606"/>
                <TextEquiv>
                    <Unicode>winnt, bezeugt mir die Notwendigkeit dieser Erbitterung,</Unicode>
                </TextEquiv>
            </TextLine>
            <TextLine id="r1l8" custom="readingOrder {index:6;}">
                <Coords points="440,2837 4521,2876 4523,2667 442,2663"/>
                <Baseline points="466,2812 667,2810 869,2808 1070,2808 1272,2808 1474,2808 1675,2808 1877,2808 2078,2810 2280,2812 2482,2814 2683,2816 2885,2820 3086,2822 3288,2827 3490,2832 3691,2836 3893,2842 4094,2848 4296,2854 4498,2862"/>
                <TextEquiv>
                    <Unicode>die ich lange selbst wie eine sinnlose Verstörung empfand.</Unicode>
                </TextEquiv>
            </TextLine>
            <TextLine id="r1l9" custom="readingOrder {index:7;}">
                <Coords points="426,3117 4558,3167 4561,2933 429,2903"/>
                <Baseline points="454,3052 658,3052 862,3052 1066,3052 1270,3050 1474,3050 1678,3050 1882,3050 2086,3050 2290,3052 2494,3053 2698,3056 2902,3058 3106,3062 3310,3066 3514,3070 3718,3076 3922,3084 4126,3092 4330,3101 4534,3112"/>
                <TextEquiv>
                    <Unicode>Vielleicht hat die Verwandlung die Leidenschaft gelöst und</Unicode>
                </TextEquiv>
            </TextLine>
            <TextLine id="r1l10" custom="readingOrder {index:8;}">
                <Coords points="406,3357 4456,3419 4458,3236 4179,3150 3279,3261 2307,3126 1978,3250 408,3189"/>
                <Baseline points="434,3300 633,3296 833,3294 1033,3292 1233,3292 1433,3292 1632,3294 1832,3296 2032,3298 2232,3301 2432,3304 2631,3308 2831,3312 3031,3316 3231,3320 3431,3324 3630,3328 3830,3331 4030,3334 4230,3336 4430,3338"/>
                <TextEquiv>
                    <Unicode>damit auch das Leiden erlöst: ich fühle mich jetzt freier,</Unicode>
                </TextEquiv>
            </TextLine>
            <TextLine id="r1l11" custom="readingOrder {index:9;}">
                <Coords points="399,3533 3271,3588 3272,3461 3048,3378 2889,3463 2227,3351 1859,3451 1661,3358 1155,3467 987,3358 614,3427 401,3339"/>
                <Baseline points="426,3522 567,3522 708,3522 849,3523 990,3524 1131,3524 1272,3524 1413,3524 1554,3524 1695,3524 1836,3526 1977,3526 2118,3526 2259,3528 2400,3530 2541,3532 2682,3533 2823,3536 2964,3538 3105,3542 3246,3544"/>
                <TextEquiv>
                    <Unicode>so sehr ich äusserlich noch gebunden bin.</Unicode>
                </TextEquiv>
            </TextLine>
            <TextEquiv>
                <Unicode>12. October arz1 Mectsäräöök z.Lieber verehrter Herr Dohtor, ich danke Ihnen sehr fürIhre guten Worte; dass dieses Werk, eigentlich aus Zornund Anal getoren, mir num Liebe gerade der Besten ge-winnt, bezeugt mir die Notwendigkeit dieser Erbitterung,die ich lange selbst wie eine sinnlose Verstörung empfand.Vielleicht hat die Verwandlung die Leidenschaft gelöst unddamit auch das Leiden erlöst: ich fühle mich jetzt freier,so sehr ich äusserlich noch gebunden bin.</Unicode>
            </TextEquiv>
        </TextRegion>
    </Page>
</PcGts>
