4849 4246
547 958 4522 1138 Es wäre nur ein menschliches Bedürfis, Sie und Ihre
236 1135 4534 1338 verehrte Frau Gemahlin wieder einmal sehen zu dürfen. Aber
291 1375 4489 1583 ich lebe ganz im Ungewissen. Vor 6 Wochen hat das Auswär¬
294 1583 4507 1823 tige Amt für mich um einen Urlaub nach der Schweiz gebeten,
292 1849 4431 2025 wo ich einige Vorträge halten soll. Das Kriegsministerium, das
311 2092 4456 2296 jeden Filmschapsel und Operettengaukler willig entliess, hat in
335 2296 4475 2572 sechs Wochen nicht geruht, darauf Antwort zu geben, der Vor¬
345 2525 4444 2716 trag wartet auf mich und ich weiss nicht, ob ich darf oder
327 2810 4497 3040 nicht. Freilich: ich rühre nicht einen Finger, weil es mir zu
329 3013 4491 3297 kläglich scheint, nach drei Jahren Dienst um so einen Atemzug
350 3189 4432 3472 Freiheit noch bittlich zu werden: aber ich hänge jetzt in der
317 3427 4542 3596 Luft und weiss nicht von heute auf morgen. Herzlich ergeben Ihr getreuer
3645 3566 4388 3684 Stefan Zweig
