3024 4032
223 430 2782 663 Was ich aber bin, verehrter Herr Doctor, brauche ich Ihnen nicht erst
194 513 2641 774 zu sagen – – – maßlos gespannt, Ihre Meinung über meine
226 653 2721 937 Arbeit zu erfahren, die ich von Ihnen mit Rechte einer alten
284 835 2584 1071 Gewohnheit schlankweg erwarte. Frech, nicht wahr? – –
245 930 2753 1185 Wenn Sie noch so gütig sind, wie vor vierzehn Jahren – und
220 1042 2670 1316 ich habe keinen Grund, daran zu zweifeln – – so werden Sie
229 1173 2705 1424 mich nur so lange darauf warten lassen, als unbedingt
239 1322 2801 1568 nöthig ist. Schließlich noch die kleine Bemerkung, dass Sie, wie
242 1459 2705 1682 vor langer Zeit, auch jetzt wieder der Erste sind, dem meine
242 1552 2766 1807 neue Arbeit vorliegt. Jung gewohnt – alt gethan. Das »alt«
300 1746 1437 1931 bitte cum grano salis. –
360 1842 2657 2062 Wollen Sie mich Ihrer Frau Gemahlin bestens empfehlen und
341 1969 2743 2195 selber von mir die Versicherung dankbarster Verehrung ent¬
424 2160 940 2336 gegennehmen.
1536 2173 2661 2555 Else Ginsberg-Plessner
366 2635 2632 2979 P. S. Der Gegenstand meines letzten Briefes hat sich von selbst
226 2836 2747 3103 erledigt, da Sie nicht nach München kamen. Ich hoffe, dass dies
242 2973 2737 3183 die alleinige Ursache davon war, dass mein Brief – falls Sie ihn
249 3078 2571 3361 überhaupt erhalten haben – unbeantwortet geblieben ist. –
363 3199 2132 3565 Oder waren Sie gar bös auf mich? – – –
