2783 3459
47 33 1494 234 München, den 13. Januar 1916
1912 0 2577 207 Theresienstr. 78
615 257 1544 508 Verehrter Herr Doctor!
491 408 2714 772 Soeben erhalte ich Ihr freundliches Schreiben vom
114 632 2768 902 12. d. und unterlasse es, Ihnen meine schmerzliche Enttäuschung
100 816 2641 1083 zu schildern: Indessen – gegen Principien ist nichts zu
43 993 2704 1193 machen und man muss sie respectieren. In jedem Falle
53 1110 2734 1340 bitte ich Sie aber, aus dem mit I. bezeichneten Umschlag
70 1257 2754 1487 den Brief herauszunehmen, der dem Manuscript bei¬
90 1394 2697 1665 gelegt ist. Es wäre möglich, dass dieser Brief Sie
124 1581 2744 1818 bestimmen würde, eine Ausnahme zu machen mir gegen¬
94 1705 2751 1972 über, die seit zwanzig Jahren eine Art Gewohnheits¬
87 1845 2758 2189 recht zu besitzen glaubt – wenn es auch in den letzten
127 1999 1959 2326 Jahren nicht zur Anwendung kam.
231 2129 2697 2494 Inliegend erlaube ich mir, eine ausgefüllte Postkarte
77 2336 2754 2651 beizulegen, die Sie der Beförderung übergeben mögen,
107 2497 2704 2798 wie es Ihnen, verehrter Herr Doctor! angemessen erscheint.
177 2647 2771 2941 Meine Mama ist gleichzeitig benachrichtigt, so dass das
137 2814 2764 3098 Manuscript sofort aus Ihrem Hause abgeholt werden
97 3028 398 3199 kann.
267 3015 2741 3369 An eine Aufführung des »ersten Capitel« denke
