6243 8413
551 1093 3015 1543 Salzburg, Kapuzinerberg 5
4385 1086 5534 1353 13 Ma1 1923
724 1912 5867 2347 Lieber verehrter Herr Doktor, in einem Versteigerungs¬
741 2353 5688 2755 katalog entdecke ich eben dieses Buch. Da ich nicht
729 2728 5580 3108 annehme, dass Sie die Exemplare Ihrer gewidmeten
706 3016 5582 3375 Bücher verkaufen (vielleicht werden wir bald so weit
721 3291 5798 3630 sein) so handelt es sich offenbar um ein entwendetes
752 3635 5679 3971 Exemplar und Sie haben wohl das Recht es zurück¬
730 3899 5645 4229 zufordern. Ich glaubte Sie aufmerksam machen zu
710 4310 5776 4602 müssen, weil ich selbst jüngst ähnlich einem entwendeten
724 4551 5649 4942 Buch auf die Spur kam – und dann freue
747 4894 5691 5160 ich mich jeder Gelegenheit, Ihnen meine herzliche Ver¬
704 5244 4991 5609 ehrung aussprechen zu können. Ihr getreuer
3761 5744 5665 6333 Stefan Zweig
