3413 4028
1547 2197 1785 3615 Dr Arthur Schmipler
933 2215 1222 3593 Wien – Cottage
665 2303 914 3666 Sternwartestrasse 72
437 323 2592 507 Lieber verehrter Herr Doktor, diese
481 488 2567 679 Karte nahm ich nur von der Nord¬
493 648 2523 901 see mit, wo ich auf Sylt herrliche
498 830 2529 1079 Tage hatte, Sie sei verwendet, Ihnen
505 1028 2543 1241 auf das innigste für Ihre guten
524 1178 2572 1465 Worte zu danken: es beglückt mich
527 1405 2623 1593 noch genau so wie in meinen ersten
550 1513 2622 1745 literarischen Jahren ein Wort von
529 1714 2614 1896 Ihnen zu erhalten: fühlen Sie daran
506 1890 2615 2133 die ungewandelte Verehrung Ihrers Stefan Zweig
