<?xml version="1.0" encoding="UTF-8" standalone="yes"?>
<PcGts xmlns="http://schema.primaresearch.org/PAGE/gts/pagecontent/2013-07-15" xmlns:xsi="http://www.w3.org/2001/XMLSchema-instance" xsi:schemaLocation="http://schema.primaresearch.org/PAGE/gts/pagecontent/2013-07-15 http://schema.primaresearch.org/PAGE/gts/pagecontent/2013-07-15/pagecontent.xsd">
    <Metadata>
        <Creator>prov=University of Rostock/Institute of Mathematics/CITlab|PLANET AI GmbH/Gundram Leifert/gundram.leifert@planet-ai.de:name=Zweig_Stefan_final_neu(htr_id=39110)::::v=2.6.7
prov=University of Rostock/Institute of Mathematics/CITlab|PLANET AI GmbH/Tobias Gruening/tobias.gruening@planet-ai.de:name=de.uros.citlab.module.baseline2polygon.B2PSeamMultiOriented:v=2.6.7
prov=University of Rostock/Institute of Mathematics/CITlab|PLANET AI GmbH/Tobias Gruening/tobias.gruening@planet-ai.de:name=/net_tf/LA76_249_0mod90.pb:de.uros.citlab.segmentation.CITlab_LA_ML:v=2.6.7
Transkribus</Creator>
        <Created>2022-03-29T10:06:33.579+02:00</Created>
        <LastChange>2025-05-21T08:56:11.734+02:00</LastChange>
    </Metadata>
    <Page imageFilename="0102_00102 MS-SCHNITZLER-B-00118-000-00107.jpg" imageWidth="6064" imageHeight="8139">
        <ReadingOrder>
            <OrderedGroup id="ro_1747833867615" caption="Regions reading order">
                <RegionRefIndexed index="0" regionRef="r1"/>
            </OrderedGroup>
        </ReadingOrder>
        <TextRegion orientation="0.0" id="r1" custom="readingOrder {index:0;}">
            <Coords points="962,248 962,7026 5684,7026 5684,248"/>
            <TextLine id="r1l3" custom="readingOrder {index:0;} pre-print {offset:0; length:15; continued:true;} place {offset:0; length:15;} opener {offset:0; length:15; continued:true;} letter-begin {offset:0; length:13;} capitals {offset:0; length:13;}">
                <Coords points="4190,1343 4392,1296 4689,1302 4734,1331 4775,1292 4861,1288 4862,1214 4816,1230 4731,1206 4680,1159 4588,1208 4497,1195 4457,1154 4349,1158 4262,1213 4194,1183"/>
                <Baseline points="4222,1284 4252,1284 4282,1283 4313,1282 4343,1282 4374,1282 4404,1282 4434,1282 4465,1282 4495,1282 4526,1284 4556,1284 4586,1284 4617,1286 4647,1286 4678,1288 4708,1289 4738,1291 4769,1293 4799,1294 4830,1298"/>
                <TextEquiv>
                    <Unicode>Kapuzinerberg 5</Unicode>
                </TextEquiv>
            </TextLine>
            <TextLine id="r1l5" custom="readingOrder {index:1;} pre-print {offset:0; length:8; continued:true;} capitals {offset:0; length:8;} place {offset:0; length:8;} opener {offset:0; length:8; continued:true;}">
                <Coords points="4310,1396 4345,1396 4453,1443 4465,1431 4487,1443 4505,1426 4527,1443 4614,1387 4728,1382 4729,1290 4311,1293"/>
                <Baseline points="4338,1356 4363,1358 4389,1358 4415,1358 4441,1359 4467,1360 4493,1360 4519,1360 4544,1360 4570,1360 4596,1360 4622,1360 4648,1360 4674,1360 4700,1358"/>
                <TextEquiv>
                    <Unicode>Salzburg</Unicode>
                </TextEquiv>
            </TextLine>
            <TextLine id="r1l4" custom="readingOrder {index:2;} date {offset:0; length:13;} dateline {offset:0; length:13;} opener {offset:0; length:13; continued:true;}">
                <Coords points="4838,1427 5095,1445 5233,1365 5364,1348 5456,1382 5570,1354 5713,1406 5714,1125 5588,1159 5519,1108 5433,1153 5187,1164 5142,1136 5044,1187 4838,1187"/>
                <Baseline points="4866,1322 4906,1322 4947,1324 4988,1325 5029,1328 5070,1328 5111,1330 5152,1331 5193,1332 5234,1332 5275,1333 5315,1334 5356,1334 5397,1333 5438,1332 5479,1331 5520,1330 5561,1328 5602,1325 5643,1321 5684,1318"/>
                <TextEquiv>
                    <Unicode>23. Juli 1923</Unicode>
                </TextEquiv>
            </TextLine>
            <TextLine id="r1l6" custom="readingOrder {index:3;} paragraph {offset:0; length:6;}">
                <Coords points="934,2108 5345,2208 5241,1865 1689,1991 933,1851"/>
                <Baseline points="962,2088 1179,2095 1397,2102 1614,2106 1832,2108 2050,2110 2267,2112 2485,2112 2702,2110 2920,2109 3138,2106 3355,2104 3573,2102 3790,2099 4008,2096 4226,2094 4443,2092 4661,2092 4878,2092 5096,2092 5314,2094"/>
                <TextEquiv>
                    <Unicode>Lieber verehrter Herr Doktor, ich weiss nicht,</Unicode>
                </TextEquiv>
            </TextLine>
            <TextLine id="r1l7" custom="readingOrder {index:4;}">
                <Coords points="943,2463 4455,2524 5451,2464 5492,2344 3089,2234 2711,2353 2053,2220 1847,2357 944,2200"/>
                <Baseline points="972,2416 1196,2414 1421,2414 1645,2414 1870,2414 2095,2414 2319,2414 2544,2414 2768,2416 2993,2416 3218,2418 3442,2420 3667,2420 3891,2422 4116,2422 4341,2423 4565,2424 4790,2424 5014,2424 5239,2422 5464,2422"/>
                <TextEquiv>
                    <Unicode>wo Sie den Sommer verbringen, vermute Sie aber</Unicode>
                </TextEquiv>
            </TextLine>
            <TextLine id="r1l8" custom="readingOrder {index:5;} place {offset:3; length:12;} place {offset:24; length:10;}">
                <Coords points="997,2744 4904,2856 5488,2789 5489,2578 997,2601"/>
                <Baseline points="1026,2718 1247,2718 1469,2719 1690,2720 1912,2720 2134,2720 2355,2720 2577,2720 2798,2722 3020,2722 3242,2722 3463,2722 3685,2724 3906,2724 4128,2726 4350,2726 4571,2728 4793,2730 5014,2732 5236,2735 5458,2738"/>
                <TextEquiv>
                    <Unicode>im Sazkammergut oder im Bayrischen und wollte</Unicode>
                </TextEquiv>
            </TextLine>
            <TextLine id="r1l9" custom="readingOrder {index:6;} textStyle {offset:33; length:17;underlined:true;}">
                <Coords points="1007,3114 4972,3029 5360,3204 5494,2902 1008,2863"/>
                <Baseline points="1034,3004 1255,3006 1476,3006 1698,3008 1919,3010 2141,3010 2362,3012 2583,3012 2805,3014 3026,3014 3248,3016 3469,3018 3690,3018 3912,3020 4133,3022 4355,3024 4576,3028 4797,3030 5019,3034 5240,3038 5462,3042"/>
                <TextEquiv>
                    <Unicode>nicht verabsäumen, Ihnen etwas – allerdings streng</Unicode>
                </TextEquiv>
            </TextLine>
            <TextLine id="r1l10" custom="readingOrder {index:7;} textStyle {offset:0; length:12;underlined:true;}">
                <Coords points="1007,3341 4983,3367 5167,3237 3251,3084 3090,3209 1649,3087 1007,3181"/>
                <Baseline points="1036,3290 1241,3286 1446,3282 1651,3280 1856,3280 2062,3280 2267,3280 2472,3280 2677,3282 2882,3282 3088,3284 3293,3286 3498,3288 3703,3290 3908,3292 4114,3295 4319,3296 4524,3298 4729,3300 4934,3300 5140,3302"/>
                <TextEquiv>
                    <Unicode>vertraulich! – zu sagen. Unser verehrter Freund</Unicode>
                </TextEquiv>
            </TextLine>
            <TextLine id="r1l11" custom="readingOrder {index:8;} person {offset:0; length:14;} date {offset:24; length:1;} date {offset:28; length:9;}">
                <Coords points="1014,3611 5396,3680 5396,3509 4636,3336 2513,3499 1014,3348"/>
                <Baseline points="1042,3580 1258,3578 1474,3576 1690,3573 1906,3570 2123,3568 2339,3566 2555,3565 2771,3564 2987,3562 3204,3562 3420,3562 3636,3563 3852,3564 4068,3566 4285,3568 4501,3572 4717,3576 4933,3580 5149,3586 5366,3592"/>
                <TextEquiv>
                    <Unicode>Romain Rolland wird vom 1 – 10 August bei uns in</Unicode>
                </TextEquiv>
            </TextLine>
            <TextLine id="r1l12" custom="readingOrder {index:9;} place {offset:0; length:8;}">
                <Coords points="1000,3982 2281,3840 5542,3921 5542,3744 5228,3664 1000,3702"/>
                <Baseline points="1028,3858 1252,3852 1476,3846 1700,3842 1924,3838 2149,3836 2373,3834 2597,3832 2821,3832 3045,3832 3270,3832 3494,3834 3718,3834 3942,3836 4166,3838 4391,3840 4615,3842 4839,3844 5063,3848 5287,3850 5512,3852"/>
                <TextEquiv>
                    <Unicode>Salzburg zu Gast sein und, wenn Sie nahe sind, wäre</Unicode>
                </TextEquiv>
            </TextLine>
            <TextLine id="r1l13" custom="readingOrder {index:10;}">
                <Coords points="1004,4161 5261,4216 5507,3953 1005,4024"/>
                <Baseline points="1034,4138 1256,4130 1478,4122 1700,4116 1923,4112 2145,4110 2367,4108 2590,4108 2812,4108 3034,4108 3257,4110 3479,4112 3701,4116 3923,4118 4146,4120 4368,4122 4590,4126 4813,4126 5035,4128 5257,4128 5480,4128"/>
                <TextEquiv>
                    <Unicode>es doch wunderschon, Sie kämen für einen Tag vorbei.</Unicode>
                </TextEquiv>
            </TextLine>
            <TextLine id="r1l14" custom="readingOrder {index:11;}">
                <Coords points="1010,4487 2046,4345 5026,4486 5611,4313 3455,4132 1012,4172"/>
                <Baseline points="1042,4388 1268,4381 1495,4376 1722,4370 1949,4368 2176,4366 2403,4364 2630,4364 2857,4366 3084,4368 3311,4370 3537,4374 3764,4378 3991,4381 4218,4385 4445,4388 4672,4392 4899,4396 5126,4400 5353,4402 5580,4404"/>
                <TextEquiv>
                    <Unicode>Nichts scheint mir nötiger, als dass die paar wesentli¬</Unicode>
                </TextEquiv>
            </TextLine>
            <TextLine id="r1l15" custom="readingOrder {index:12;}">
                <Coords points="989,4736 5556,4666 5517,4505 992,4501"/>
                <Baseline points="1018,4652 1243,4644 1468,4638 1694,4634 1919,4630 2145,4628 2370,4628 2595,4630 2821,4632 3046,4634 3272,4638 3497,4642 3722,4646 3948,4651 4173,4656 4399,4660 4624,4664 4849,4668 5075,4672 5300,4674 5526,4676"/>
                <TextEquiv>
                    <Unicode>chen Menschen unserer zersprengten Zeit einander persön¬</Unicode>
                </TextEquiv>
            </TextLine>
            <TextLine id="r1l16" custom="readingOrder {index:13;}">
                <Coords points="1003,4964 5117,5006 5466,4951 5468,4768 3991,4858 2876,4808 2551,4651 2012,4824 1006,4689"/>
                <Baseline points="1034,4900 1254,4900 1474,4898 1694,4898 1915,4896 2135,4896 2355,4894 2576,4894 2796,4894 3016,4894 3237,4896 3457,4896 3677,4899 3897,4902 4118,4906 4338,4910 4558,4916 4779,4922 4999,4930 5219,4939 5440,4950"/>
                <TextEquiv>
                    <Unicode>lich kennen; und wenn Sie gerade in der Nähe sind,</Unicode>
                </TextEquiv>
            </TextLine>
            <TextLine id="r1l17" custom="readingOrder {index:14;}">
                <Coords points="1012,5243 5159,5247 5366,5208 5366,4967 4021,5079 3833,4958 3592,5095 1012,4968"/>
                <Baseline points="1038,5156 1253,5156 1468,5156 1683,5156 1898,5154 2113,5154 2328,5154 2543,5153 2758,5152 2973,5152 3188,5152 3403,5152 3618,5152 3833,5152 4048,5154 4263,5156 4478,5158 4693,5161 4908,5164 5123,5170 5338,5174"/>
                <TextEquiv>
                    <Unicode>wäre es doch natürlich, dass Sie Sich und ihm (und</Unicode>
                </TextEquiv>
            </TextLine>
            <TextLine id="r1l18" custom="readingOrder {index:15;}">
                <Coords points="1032,5516 5346,5541 5667,5480 5668,5285 2258,5311 1738,5171 1033,5287"/>
                <Baseline points="1060,5402 1288,5400 1517,5398 1746,5396 1975,5396 2204,5396 2432,5396 2661,5396 2890,5396 3119,5398 3348,5400 3576,5402 3805,5404 4034,5406 4263,5408 4492,5410 4720,5414 4949,5416 5178,5419 5407,5422 5636,5424"/>
                <TextEquiv>
                    <Unicode>uns) die Freude Ihrer Gegenwart machten. Ich mute Ihnen</Unicode>
                </TextEquiv>
            </TextLine>
            <TextLine id="r1l19" custom="readingOrder {index:16;}">
                <Coords points="1029,5702 4072,5666 4976,5812 5531,5785 5532,5590 3953,5436 1029,5519"/>
                <Baseline points="1056,5674 1278,5668 1500,5662 1723,5657 1945,5654 2168,5652 2390,5650 2612,5650 2835,5650 3057,5652 3280,5654 3502,5656 3724,5658 3947,5660 4169,5662 4392,5666 4614,5668 4836,5670 5059,5672 5281,5674 5504,5674"/>
                <TextEquiv>
                    <Unicode>natürlich nicht eine Reise zu, aber einen Ausflug von</Unicode>
                </TextEquiv>
            </TextLine>
            <TextLine id="r1l20" custom="readingOrder {index:17;}">
                <Coords points="1009,5978 5065,6036 5136,5848 3957,5831 3730,5691 3511,5820 1984,5702 1011,5806"/>
                <Baseline points="1038,5928 1241,5922 1445,5918 1648,5914 1852,5912 2055,5910 2259,5910 2462,5912 2666,5912 2869,5914 3073,5918 3276,5920 3480,5924 3683,5928 3887,5932 4090,5936 4294,5941 4497,5946 4701,5950 4904,5954 5108,5958"/>
                <TextEquiv>
                    <Unicode>nahe her ist dieser wunderbare Mensch wohl wert.</Unicode>
                </TextEquiv>
            </TextLine>
            <TextLine id="r1l21" custom="readingOrder {index:18;} closer {offset:0; length:38; continued:true;}">
                <Coords points="1712,6326 2560,6253 3137,6359 3510,6238 4132,6362 4620,6244 5122,6372 5126,6108 4738,6062 3003,6139 2725,5992 2242,6122 1717,6034"/>
                <Baseline points="1740,6208 1907,6208 2075,6208 2243,6210 2411,6212 2579,6214 2746,6218 2914,6222 3082,6225 3250,6228 3418,6233 3585,6237 3753,6240 3921,6243 4089,6246 4257,6248 4424,6248 4592,6248 4760,6248 4928,6246 5096,6242"/>
                <TextEquiv>
                    <Unicode>Immer in Liebe und Verehrung der Ihre!</Unicode>
                </TextEquiv>
            </TextLine>
            <TextLine id="r1l22" custom="readingOrder {index:19;} closer {offset:0; length:12; continued:true;} signed {offset:0; length:12;}">
                <Coords points="4286,6751 4602,6881 4748,6800 4906,6868 5046,6781 5091,6817 5252,6794 5296,6841 5422,6833 5428,6668 5365,6643 5193,6649 5002,6539 4812,6590 4745,6537 4640,6579 4415,6463 4294,6505"/>
                <Baseline points="4314,6730 4368,6732 4422,6736 4476,6738 4530,6740 4585,6743 4639,6747 4693,6749 4747,6752 4801,6755 4856,6758 4910,6759 4964,6762 5018,6762 5072,6764 5127,6764 5181,6764 5235,6764 5289,6762 5343,6762 5398,6758"/>
                <TextEquiv>
                    <Unicode>Stefan Zweig</Unicode>
                </TextEquiv>
            </TextLine>
            <TextEquiv>
                <Unicode>siät171ltibutig»28 ZulitszgsarzgstigLieber verehrter Herr Dohtor, ich weiss nicht,wo Sie den Sommer verbringen, vermute Sie aberim Sazkammergut oder im Bayrischen und wolltenicht verab säumen, Ihnen etwas — allerdings strengvertaaulich! — zu sagen. Unser verehrter FreundRomain Rolland wird vom 1- 10 Angust bei uns indatzburg zu Gast sein und, wenn Sie nahe sind, wärees doch wunderschon, Sie kämen für einen Tag vorbeigichts scheint mir nötiger, als dass die paar wesentli-chen Menschen unserer zersprengten Zeit einander hersön-lich kennen; und wenn Sie gerade in der Nähe sindwäre es doch natürlich, dass Sie Sich und ihm (unduns) die Freude Ihrer Gegenwart machten. Ich mute Ihnennatürlich nicht eine Reise zu, aber einen Aushlug vonnale her ist dieser wunderbare Mensch wohl wert.Immer in Liebe und Verehrung der Ihre!Stefan Zweigmmmmmmmmmnzumnd </Unicode>
            </TextEquiv>
        </TextRegion>
    </Page>
</PcGts>
