2905 4726
435 828 2494 1054 Lieber verehrter Herr Doktor, das
428 1063 2597 1328 Zimmer im Österr. Hof ist für Freitag
455 1275 2563 1519 reserviert. In der Annahme, dass Sie
471 1486 2477 1698 um 5 Uhr ankommen werden wir
476 1678 2584 1923 um 1/2 6 im Österr Hof den Thee neh¬
471 1884 2530 2115 men und dort auf Sie warten. Ich hätte sie natürlich zu uns
477 2085 2445 2315 gebeten, aber R. will nachher um
520 2268 2584 2479 3/4 8 zu dem Concert der Kammermu¬
471 2455 2596 2696 sik und wir speisen dann gleich unten.
487 2642 2402 2897 Sind Sie aber Samstag noch da, so
489 2850 2584 3119 bitten wir Sie, herzlich Mittags bei uns
493 3058 2536 3296 mit R. zu speisen. In Herzlichkeit er¬
514 3251 1028 3486 geben Ihr
1772 3423 2471 3781 Stefan Zweig
