5993 8360
4146 1126 4758 1345 Kapuzinerberg 5
4270 1278 4678 1441 Salzburg
4780 1069 5621 1420 4. Nov. 1924
914 2171 5251 2566 Lieber verehrter Herr Doktor, ich bin
722 2575 5467 2999 schwer in Arbeit – aber ich muss mich für
722 2962 5345 3355 eine Minute unterbrechen, um Ihnen zu sagen,
738 3316 5589 3711 wie ausserordentlich ich ihre Novelle in der »Neuen
774 3616 5505 3988 Rundschau« finde: eine trouvaille in der Technik
797 3845 5510 4324 der Novelle, spannend, aufwühlend, ganz ins Tra¬
806 4194 5402 4646 gische aus kleinen Präludium aufsteigend. Ich
784 4472 5354 4849 wüsste kein Wort darin zu ändern – einzig
828 4791 5373 5210 für die Buchausgabe eine Zahl. 50000 Gulden
836 5093 5430 5411 100.000 Friedenskronen – das war eine Summe,
818 5399 5442 5723 die ein Rotschild kaum seinem Brüder a fond
821 5711 5457 6040 perdu lieh. Gieng es Ihnen nicht da wie Jacob
827 5966 5518 6414 Wassermann in der Ulrike Woytech, dass un¬
796 6283 5449 6592 sere Erinnerungsgefühle an Geld auch schon in¬
865 6626 5393 6973 flationiert sind? Gerade weil es ein entfernter
836 6893 5280 7235 Bekannter aus dem Mittelstand ist, schien
804 7142 5371 7597 mir die Summe grotest hoch – ich verstehe, dass
