5993 8360
435 988 5468 1492 Sie für die seelische Motivation eine hohe Summe
518 1356 5310 1756 brauchten – uns klingt 10000 Kronen heute wie
515 1765 5457 2052 ein »Fetzen« war aber doch schon als Leihgeld uner¬
553 1936 5466 2358 hört viel. Ich kam auf diesen Kleinkram zu reden,
586 2285 5423 2550 weil ich selbst bei einer (unveröffentlichten) Arbeit
566 2636 5497 2934 den Widersinn spürte, zehn Kronen zu einer Entscheidung
557 2827 5382 3190 über ein Schicksal zu machen: aber es gab damals
612 3095 5195 3508 Katastrofen wegen fünfzig Heller. Wo ist die Zeit!
1665 3383 5645 3806 Wie habe ich mich gefreut an Ihrem Werk,
657 3717 5533 4062 wie an der Überraschung, die mir trotz aller alten
624 4052 5418 4349 Liebe, alles guten Vertrauens, dieser Aufstieg war!
669 4352 5210 4681 Seien Sie innigst beglückwünscht von Ihrem er¬
717 4639 1557 5127 gebenen
3861 5385 5149 6029 Stefan Zweig
