4930 4350
3508 920 4638 1251 2. Januar 1925
3526 1193 4278 1427 VIII. Kochgasse 8.
473 1575 4429 1938 Lieber Herr Doktor, jetzt erst, von Paris heimge¬
422 1926 4382 2286 kehrt und kaum eingewohnt, danke ich ihnen
424 2222 4511 2519 innigst für das dreifach kostbare Buch Fräulein
456 2409 4624 2764 Else. Dreifach kostbar: erstens als meisterliches Werk,
445 2659 4479 2940 zweitens Dank Ihre Widnung, drittens als Erstausga¬
450 2934 4538 3206 be. Denn dieses Buch wird (wenn ich nur irgendwie
454 3132 4603 3408 Talent zum Profeten habe) in so gewaltigen Auflagen
401 3357 4482 3580 bald verbreitet sein, dass die erste ein Sammelobject
