4930 4350
412 844 4532 1144 für Bibliophilen darstellen muss. Mir wird es aber
416 1095 4624 1325 nicht um desen materiellen Wertes kostbar sein, sondern
398 1364 4534 1582 als geistiger Genuss und als Zeichen Ihrer mir so wert¬
446 1605 4514 1823 vollen Sympathie, – die hoffentlich eine Gegengabe
439 1852 4652 2195 zu den Iden den März, mein neues Essaywerk, mir nicht
443 2077 3788 2405 entziehen wird. Freulichst, dankbarst Ihr
3154 2516 4626 3012 Stefan Zweig
