5064 4286
3653 964 4804 1197 Salzburg 10. Nov 26
3649 1162 4298 1357 Kochgasse 8.
573 1591 4620 1821 Lieber verehrter Herr Doktor, gewisse Beziehungen
622 1857 4436 2119 vermag die Zeit nicht zu ändern – ich bin jetzt,
668 2085 4492 2388 Gottseisgeklagt, 45 Jahre alt, aber dennoch, wenn Sie
672 2420 4558 2681 zu mir sprechen, bin ich noch immer der schüchterne
673 2576 4676 2901 flaumbärtige Bursch, der rüchwärts ins Parterre gedrückt
651 2795 4575 3159 auf zu dem berühmten Dichter auf der Bühne empor-sah. Ein
646 3084 4559 3394 zustimmendes Wort von Ihnen macht mich noch genau
655 3256 4504 3532 so beglückt und all die Freundschaft, die stotz gefühlte
