5064 4286
419 897 4748 1152 Sicherheit Ihrer Neigung kann nichts ändern an diesem
473 1091 4735 1359 dankbaren Aufblick. Und eigentlich möchte ich's nicht an¬
483 1342 4717 1631 ders. Fast alle, zu denen ich einst aufgeblickt, haben mich
504 1608 4694 1829 enttäuscht durch ihr Werk oder durch ihre menschliche Hal­¬
526 1834 4668 2166 tung – darum bin ich so froh, dass sich gerade an Ihnen
559 2063 4780 2440 meine Stellung, meine wirklich aufschauende, niemals änder¬
608 2269 4624 2554 te und niemals ändern wird. Ich liebe Sie sehr und
590 2584 4728 2902 bin froh, dass Sie es wissen: vielleicht kann ich das alles
577 2805 4352 3031 einmal besser ausdrücken als gerade Blick in Blick.
1313 3048 3305 3383 Dankbarst, treulichst Ihr
3365 3250 4594 3588 Stefan Zweig
