6229 8497
4406 1209 4827 1341 Salzburg
4276 1238 4963 1484 Kapuzinerberg 5
4963 1212 5648 1441 4. II 1927
847 1816 5785 2157 Lieber verehrter Herr Doktor, ich war, wie wohl alle, erst über¬
899 2221 5601 2503 rascht, von Ihnen ein characterologisches Buch zu empfangen, doch
904 2429 5685 2761 gleichzeitig sehr neugierig gereizt, wie ein so verantwortliches Problem bei
935 2683 5593 2926 Ihnen Lösung finde. Sie wissen ja, dass mein essayistisches Hauptwerk
941 2850 5752 3129 von dem nur zwei Bände bisher erschienen sind, eine »Typologie des Geistes«
967 3105 5728 3347 sein will, also die ganzen Identitäten in Varianten aufzeigen; so war
947 3362 5616 3625 Ihre Formulierung mir eine Art Bestätigung und insbesondere jener
972 3568 5686 3812 tragende Gedanke, dass jede Erscheinung ihren Schatten wirft wie ein or¬
983 3842 5818 4141 ganisches Gebilde, dass jeder Sinn tätig seinen Widersinn, seine Verzerrung
999 4029 5731 4308 in der irdischen Erscheinung erschafft, will mir ausserordentlich frucht¬
968 4257 5717 4586 bar erscheinen. Dazu formt sich die Abwandlung durchaus klar: more geo¬
957 4476 5645 4728 metrico im Sinne unseres Spinoza und auch das Widerspiel fehlt nicht,
975 4752 5615 4963 amor intellectualis, die rein geistige Liebe zur beinahe metaphysischen
969 4908 5645 5140 Problematik. Ich bin für Sie dieses kleinen Büchleins sehr froh, denn
967 5167 5560 5455 die Menschen nehmen den Künstler am liebsten dort, wo er leicht und
984 5390 5801 5603 locker wird, in ihre Wertung auf. Hier werden manche über den sachlichen
1026 5600 5812 5869 Ernst erstaunen, der in Ihnen die Urmacht ist – ich freilich erstaune nicht,
983 5847 5844 6090 ich weiss ja auch von Ihren verstreuten und leider noch nicht gesammelten
1009 6036 5788 6344 Reflexionen über die Kunst, wie sehr Sie die innerliche Mechanik dessen
993 6303 5749 6565 beschäftigt, was nach aussen hin als Selbstverständlich-Wirkendes erscheint.
1012 6519 5871 6732 Es wäre mir innige Freude, einmal ausführlich mit Ihnen über diese Prob¬
1030 6723 5782 6959 leme sprechen zu dürfen: im tiefsten Grunde sind Sie damit dem Sinn der Zeit
1002 7004 5781 7217 nahegekommen, die endlich – endlich! – müde wird der collectiven Typen¬
1033 7202 5706 7527 lehte von den »Rassen« und »Nationen« wie sie Gobineau in die Welt setzte
1006 7435 5775 7626 und die individueller Einordnung in den Individual-Typus begehrt. Das haben Sie mit
