6207 8468
729 1031 5607 1375 dieser kleinen Studie, die nur den Rand zu berühren scheint, in Wahrheit
794 1474 3852 1546 aber auf das Wesentliche zielt, sehr gefördert.
786 1532 5471 1824 Ich fahre jetzt ein wenig nach Süden, hoffentlich in neue Arbeit
801 1767 5576 2069 hinein. Das letzte Jahr war äusserlich so gut zu mir, dass ich nun
833 2008 5632 2223 doppelt anpruchsvoll wider mich sein muss, um den unerwarteten
825 2224 5587 2473 Erfolg nicht zu dementieren. Aber je schwerer sie wird, desto lieber hat
858 2439 5711 2704 man die Arbeit: ich weiss, es geht Ihnen ebenso und nie war Ihr geistiger
862 2636 4968 2879 Ertrag fülliger und bedeutsamer als in den letzten Jahren.
858 2912 5779 3208 Muss ich noch besonders sagen, wie sehr und innig ich Ihnen anhänge?
904 3119 5125 3333 Ich hoffe, Sie wissen's und gedenken freundlich Ihres getreuen
4240 3503 5664 3954 Stefan Zweig
