6229 8497
4826 1000 5723 1303 18. Mai 1927
4298 1142 4889 1428 Salzburg
4430 1320 4940 1513 Kapuzinerberg
747 1858 5633 2149 Lieber verehrter Herr Doktor, man sagt mir, irgend eine
818 2099 5730 2536 Zeitung hätte Ihren fünfundsechzigsten Geburtstag gemeldet: nun,
815 2493 5662 2809 den habe ich gründlich verschlafen und komme mit einem späten,
790 2811 5531 3117 darum nicht minder herzlichen Glückwunsch. Und sage Ihnen gleich¬
819 3005 5712 3331 zeitig Dank für Ihre ausserordentliche Novelle. Ich hatte seinerzeit
835 3259 5730 3613 die ersten drei Fortsegungen in der B. I. gelesen, die andern ver¬
853 3586 5682 3928 säumte ich und war schon –– besser und wichtiger! – ich blieb ge¬
881 3796 5729 4244 spannt und hatte so deutlich alle Figuren und Situationen im Ge¬
885 4101 5690 4474 dächtnis, dass ich im Buche gleich dort weiterlas, wo mir die Con¬
885 4354 5562 4750 tinuität genommen war. Ich erzähle Ihnen das, um Ihnen am
904 4610 5613 4981 lebendigen Obiect die Plastik Ihrer Figuren zu erweisen: ich hatte
911 4845 5570 5322 nicht einen Zug von ihnen vergessen, so scharfkantig waren sie
910 5121 5738 5564 in mein Gedächtnis eingeprägt. Ja, das ist wieder eine ausserordent¬
931 5401 5687 5830 liche Novelle, geradling im Ablauf und doch kreisförmig rund,
917 5658 5629 6060 rein abgeschlossen und vier Menschen voll erfüllend, fünf
960 5871 5692 6265 eigentlich, denn auch der Consul, den Sie bewusst abdunkeln, er¬
980 6167 5754 6608 füllt sich als Character. Vorbildlich bleibt mir die Ruhe Ihres
958 6453 5758 6762 Erzählens erregter und erregender Zustände: ich fühle, wie viel
942 6774 5724 7101 mir da von Ihnen zu lernen nottut und ich schäme mich nicht,
949 7004 5671 7368 willig dies Vorbildliche Ihrer ruhig referierenden und dabei den
954 7287 5649 7608 Atem der andern festhaltenden Kunst einzugestehen. Möge Sie
