6229 8497
592 973 5613 1409 dies grossartige Gelingen Ihrer epischen Ausdrucks entschädenigen für
648 1393 5607 1629 die hässliche, mesquine und undankbare Art, mit der man gegen
643 1660 5503 1976 Ihre dramatische Production verfährt. Ich empfinde es als ein
690 1896 5580 2210 Unrecht gegen uns alle im Sinne der geistigen Gemeinschaft, dass
720 2253 5708 2501 Ihrem letzten Stück sich das würdige Theater nicht gefunden hat, dass
714 2474 5715 2811 der erbärmlichste französische Dreck meisterlich insceniert und inter¬
723 2746 5532 3107 pretiert wird, indess man wagt, ein edlesel geformtes und geistig
713 2923 5504 3288 ergreifendes Werk von Ihnen so einfach zur Seite zu legen. Ich
745 3166 5529 3579 empfinde spüre diese Art Kränkung velementer als eine nur
734 3484 1977 3824 selbst zugefügte.
742 3741 5684 4127 Sonderbar: in der Novelle erfob sich mir jener Einwand, den ich
778 4026 5700 4322 bei Fräulein Else schon versprüt hatte. Sie scheinen mir, Sie, der im
782 4276 5750 4603 Leben so Bescheidene, in der Kunst verschwenderisch mit dem Gelde.
786 4552 5704 4905 Ich habe, obwohl aus reichem Hause, einen Tausendguldenschein bei meinem Vater
815 4776 5712 5120 nie gesehen und kann mir kaum ausdenken wo die Leopoldine
842 5024 5715 5365 ihn diese schwer zu beschaffende Note so rasch aufgetrieben hat. Mir wäre es tragischer erschienen, wenn ein
836 5289 5753 5665 amer Teufel von Leutnant schon um einer jämmerlichen Summe
848 5568 5737 5872 von 800 Gulden zu Grunde gienge. Elftausend, das war damals
863 5860 5641 6166 schon eine kleine Villa in Hietzing. Seien Sie nicht böse, dass ich auch auf
889 6034 5658 6358 solche Kleinigkeiten sehe: ich glaube nur rein technisch, dass
891 6234 5851 6727 es wichtig ist zu zeigen, wie im Leben oft an einem Hosenknopf
870 6496 5796 6968 ein Schicksal scheitert. Die grosse Summe steigert den Leichtsinn des
868 6820 5587 7149 Leutnants und entschuldigt das Zögern seiner Verwandten: ich
866 7054 5616 7413 hätte als junger Mensch bei all meinen reichen Verwandten um
839 7293 5668 7655 1000 Gulden schon vergeblich gebeten. Dies wahrhaftig mein einziger
849 7486 4957 7816 Einwand inmitten leidenschaftlich dankbarer Zustimnung.
2071 7698 3665 7967 Ihr getreu ergebener
4983 7669 5921 7931 Stefan Zweig
