5135 4331
3858 913 4550 1142 26. Juli 29
3733 1114 4208 1248 Salzburg
3643 1203 4320 1367 Kapuzinerberg 5
492 1521 4643 1773 Verehrter und lieber Herr Doktor, ich habe (hoffent¬
502 1817 4674 2104 lich zum erstenmale in unsern Beziehungen!) einen klei¬
542 2091 4674 2281 nen Verstoss gegen die guten Sitten begangen. Aber die
546 2366 4648 2575 innere Gesinnung darf da wohl Pardon erbitten. Mich
546 2528 4707 2761 kränkte es nämlich seit langem, dass ich nie die rech¬
547 2818 4670 3099 te Gelegenheit fand, meine Verehrung und Liebe für Sie
538 3063 4458 3316 öffentlich kundgezugeben. So habe ich Ihren Namen
538 3262 4653 3490 auf das Widnungeblatt meines Fouché-Buches drucken
