6330 8475
1123 1810 5877 2139 Verehrter Herr Doktor, der Dozent der Universität
1155 2145 5872 2584 London Mr I. Isaacs würde auf seiner Reise nach
1172 2508 5636 2784 Wien Sie ungemein gerne sehen: als Dozent der
1162 2777 5838 3101 englischen Literatur kann er Ihnen wohl in man¬
1154 3174 5919 3462 cher Auskunft nützlich sein und Sie würden, glaube
1199 3348 5958 3717 ich, es nicht bedauern, ihm eine Stunde zu schenken.
1208 3607 4203 4021 In alter inniges Verehrung Ihr
4370 4024 5841 4691 Stefan Zweig
